1630 2479
565 82 747 119 LIBER
789 80 1055 128 QUINTUS.
1402 90 1448 125 19
1479 128 1481 130 ,

172 163 492 213 Quandoquidem
520 165 658 201 claram
685 162 852 211 speciem
879 169 1098 211 cer—tamque
1125 161 1280 209 figuram

172 228 341 272 Praebet,
370 232 412 275 ut
437 233 494 263 est
522 225 595 274 og}
623 224 798 275 efflmis
827 236 990 271 cumque
1018 230 1152 276 notata

171 290 397 337 Quantaque
425 293 601 336 quantast
629 286 718 323 hinc
746 286 858 323 nobis
886 285 1055 323 videatur
1082 284 1122 321 in
1150 286 1238 321 alto.

171 353 367 388 Postremo
393 362 654 401 quoscpmque
680 350 787 386 vides
815 349 903 386 hinc
929 348 1090 386 aetheris
1118 348 1247 396 ignes3
1272 377 1340 386 .-..„
1373 348 1442 395 585

171 413 490 461 Quandoquidem
519 424 781 471 qquque
808 411 846 448 in
875 411 979 449 terris
1008 411 1198 448 cernimus
1227 410 1344 459 igneS,

171 477 272 512 Dum
300 483 439 527 tremor
465 483 521 513 est
550 476 681 520 clarus,
712 476 804 512 dum
833 475 996 528 cegnitur
1022 475 1135 511 ardor
1162 486 1304 519 eorum,

171 541 401 589 Perpargum
429 538 613 588 quiddam
642 537 832 575 interdum
861 523 1006 574 mutare
1034 536 1182 573 videtur

170 603 334 654 Altgam
361 609 482 657 utram
511 601 550 638 in
577 609 721 650 partem
748 602 863 645 filum,
895 613 972 649 quo
1000 599 1149 649 longius
1177 599 1331 645 absunt3

168 665 269 723 SCiLe
294 665 383 718 liget
410 677 591 721 per-quam
620 645 824 721 pauffillcr
817 676 931 711 posse
959 663 1125 700 minores
1373 673 1446 710 590
1495 688 1497 691 ι

169 729 262 764 Esse
289 728 347 764 vel
375 726 508 775 exigua
535 726 695 763 maiores
724 733 830 774 parte
858 725 1050 773 brevique.

217 791 317 827 Illud
343 789 434 828 item
464 802 542 827 non
570 797 626 826 est
654 789 877 833 mirandum,
908 802 983 837 qua
1010 788 1157 825 ratione

167 854 353 890 Tantulus
381 852 443 890 ille
471 859 585 901 queat
611 859 759 889 tantum
787 853 843 889 sol
871 853 1020 889 mittere
1047 853 1188 897 lumen,

11 907 138 950 *ww
169 915 284 966 Quod
313 914 427 951 maria
455 927 499 951 ac
527 921 641 951 terras
670 927 802 951 omnes
832 915 1055 961 caelumque
1084 913 1241 966 rigando

21 957 68 988 '‘A‘'
168 978 369 1025 Compleat
397 984 432 1014 et
461 976 585 1014 calido
613 977 813 1025 perfundat
842 984 979 1013 cuncta
1005 989 1154 1025 vapore.
1371 988 1441 1026 595

168 1041 268 1077 Nam
296 1039 384 1076 licet
411 1038 499 1075 hinc
519 1038 653 1075 mundi
680 1039 912 1086 patefactum
940 1038 1054 1075 totius
1082 1052 1199 1075 unum

167 1089 395 1149 Largifluum
424 1102 569 1137 fontem
598 1107 741 1149 scatere
769 1107 882 1148 atque
911 1113 1105 1157 erumpere
1134 1102 1273 1146 lumen,

169 1165 225 1200 Ex
252 1162 356 1200 omni
383 1163 527 1199 mundo
556 1162 643 1210 quia
671 1162 724 1199 sic
752 1163 942 1199 elementa
968 1163 1116 1211 vaporis

167 1226 349 1273 Undique
377 1224 609 1262 conveniunt
636 1231 673 1261 et
701 1224 754 1260 sic
782 1225 977 1262 coniectus
1007 1238 1138 1262 eorum
1370 1234 1444 1263 ooo

168 1288 344 1338 Cor-isium
375 1301 420 1325 ex
447 1300 525 1325 uno
552 1287 675 1336 capite
693 1280 765 1324 ‘hic
793 1294 834 1324 ut
861 1289 1022 1336 profluat
1050 1290 1169 1326 ardor.

172 1354 207 1389 N
213 1352 448 1404 onnehvides
477 1351 590 1388 etiam
618 1363 733 1398 quam
762 1351 837 1388 late
864 1363 1000 1398 parvus
1028 1352 1140 1399 aquai

167 1417 277 1452 Prata
303 1414 396 1463 riget
424 1415 507 1451 fons
536 1413 725 1450 interdum
755 1413 974 1462 campisque
1002 1415 1217 1465 redundet?

136 1471 149 1483 ‘⁴
167 1479 234 1515 Est
263 1477 375 1515 etiam
404 1490 559 1525 quoque
587 1476 641 1513 uti
669 1489 747 1513 non
775 1489 913 1525 magno
942 1476 1031 1514 solis
1058 1479 1107 1515 ab
1135 1477 1211 1526 igni

166 1541 265 1577 Aera
292 1538 475 1592 percipiat
503 1538 633 1576 calidis
660 1539 866 1576 fervoribus
895 1540 1016 1585 ardor,
1370 1543 1440 1589 605

168 1603 415 1650 Opportunus
444 1602 494 1638 ita
522 1608 579 1638 est
607 1600 637 1637 si
665 1602 760 1638 forte
789 1609 825 1638 et
854 1601 1014 1639 idoneus
1042 1615 1116 1648 aer,

171 1666 226 1703 Ut
255 1673 368 1713 queat
396 1665 554 1702 accendi
584 1666 707 1712 parvis
735 1665 932 1702 ardoribus
959 1665 1056 1717 ictus
1072 1681 1081 1712 3

168 1728 291 1786 Quod
310 1740 427 1781 genus
457 1727 644 1764 interdum
675 1736 820 1775 segetes
848 1715 1102 1782 stipulam-que
1129 1728 1300 1767 videmus

167 1789 349 1828 Acmdere
378 1802 424 1827 ex
451 1802 527 1826 una
553 1789 715 1826 scintilla
742 1789 919 1827 incendia
945 1791 1092 1839 passim.

167 1853 337 1890 Forsitan
366 1859 403 1888 et
430 1864 539 1889 rosea
565 1853 622 1889 sol
649 1843 724 1889 alte
752 1853 928 1901 lampade
955 1854 1085 1890 lucens
1370 1857 1444 1892 610

168 1913 364 1951 Possideat
392 1915 551 1950 multum
580 1914 702 1950 caecis
731 1914 937 1952 fervoribus
965 1915 1091 1963 ignem

168 1976 320 2015 Circum
349 1988 419 2043 se,
430 1976 533 2012 nullo
562 1975 627 2031 qui
654 1975 701 2012 sit
728 1976 871 2024 fulgore
898 1984 1062 2020 notatus,

108 2034 112 2040 ’
168 2037 328 2092 Aestifer
355 2044 396 2073 ut
404 2029 571 2072 ⁸tanturn
598 2036 788 2072 radiorum
816 2045 997 2088 exaugeat
1025 2038 1151 2077 ictum

210 2081 325 2136 Nec
330 2098 425 2135 ratio
454 2098 542 2135 solis
570 2097 730 2146 simplex
757 2105 794 2136 et
821 2106 923 2136 certa
949 2101 1121 2148 patescit,

167 2163 256 2212 Quo
283 2169 395 2211 pacto
423 2160 572 2198 aestivis
600 2173 621 2198 e
648 2152 836 2214 par-tipus'
847 2163 1079 2221 aegffirotis
1126 2163 1283 2215 &jaste-
1370 2168 1440 2213 615
