<?xml version="1.0" encoding="UTF-8"?>
<!DOCTYPE html PUBLIC "-//W3C//DTD XHTML 1.0 Transitional//EN"
    "http://www.w3.org/TR/xhtml1/DTD/xhtml1-transitional.dtd">
<html xmlns="http://www.w3.org/1999/xhtml" xml:lang="en" lang="en">
 <head>
  <title>
</title>
<meta http-equiv="Content-Type" content="text/html;charset=utf-8" />
  <meta name='ocr-system' content='tesseract 3.04.00' />
  <meta name='ocr-capabilities' content='ocr_page ocr_carea ocr_par ocr_line ocrx_word'/>
</head>
<body>
  <div class='ocr_page' id='page_1' title='image "./dererumnatura00lucr_0056.png"; bbox 0 0 1650 2469; ppageno 0'>
   <div class='ocr_carea' id='block_1_1' title="bbox 0 2001 23 2469">
    <p class='ocr_par' dir='ltr' id='par_1_1' title="bbox 0 2001 23 2469">
     <span class='ocr_line' id='line_1_1' title="bbox 0 2001 23 2469; baseline 0 0"><span class='ocrx_word' id='word_1_1' title='bbox 0 2001 23 2469; x_wconf 95' lang='lat' dir='ltr'><strong> </strong></span> 
     </span>
    </p>
   </div>
   <div class='ocr_carea' id='block_1_2' title="bbox 190 85 1131 125">
    <p class='ocr_par' dir='ltr' id='par_1_2' title="bbox 190 85 1131 125">
     <span class='ocr_line' id='line_1_2' title="bbox 190 85 1131 125; baseline -0.004 0"><span class='ocrx_word' id='word_1_2' title='bbox 190 100 235 125; x_wconf 88' lang='lat'><strong>22</strong></span> <span class='ocrx_word' id='word_1_3' title='bbox 523 88 608 124; x_wconf 90' lang='lat' dir='ltr'><strong>DE</strong></span> <span class='ocrx_word' id='word_1_4' title='bbox 643 86 864 123; x_wconf 85' lang='lat' dir='ltr'><em>RERUM</em></span> <span class='ocrx_word' id='word_1_5' title='bbox 892 85 1131 123; x_wconf 80' lang='lat' dir='ltr'><em>NATURA</em></span> 
     </span>
    </p>
   </div>
   <div class='ocr_carea' id='block_1_3' title="bbox 175 169 1191 590">
    <p class='ocr_par' dir='ltr' id='par_1_3' title="bbox 175 169 1186 590">
     <span class='ocr_line' id='line_1_3' title="bbox 188 169 1164 225; baseline -0.001 -18"><span class='ocrx_word' id='word_1_6' title='bbox 188 173 265 207; x_wconf 92' lang='lat' dir='ltr'><strong>Aut</strong></span> <span class='ocrx_word' id='word_1_7' title='bbox 292 169 380 218; x_wconf 88' lang='lat' dir='ltr'><strong>quia</strong></span> <span class='ocrx_word' id='word_1_8' title='bbox 409 171 464 207; x_wconf 92' lang='lat' dir='ltr'><strong>sol</strong></span> <span class='ocrx_word' id='word_1_9' title='bbox 491 169 592 207; x_wconf 89' lang='lat' dir='ltr'><strong>idern</strong></span> <span class='ocrx_word' id='word_1_10' title='bbox 621 171 690 206; x_wconf 91' lang='lat' dir='ltr'><strong>sub</strong></span> <span class='ocrx_word' id='word_1_11' title='bbox 718 176 834 207; x_wconf 88' lang='lat' dir='ltr'><strong>terras</strong></span> <span class='ocrx_word' id='word_1_12' title='bbox 861 176 976 217; x_wconf 90' lang='lat' dir='ltr'><strong>atque</strong></span> <span class='ocrx_word' id='word_1_13' title='bbox 1004 181 1164 225; x_wconf 56' lang='lat' dir='ltr'><strong>su-perne</strong></span> 
     </span>
     <span class='ocr_line' id='line_1_4' title="bbox 190 222 1150 299; baseline -0.003 -29"><span class='ocrx_word' id='word_1_14' title='bbox 190 232 406 299; x_wconf 43' lang='lat' dir='ltr'><strong>Imparibus.</strong></span> <span class='ocrx_word' id='word_1_15' title='bbox 429 246 581 270; x_wconf 89' lang='lat' dir='ltr'><strong>currens</strong></span> <span class='ocrx_word' id='word_1_16' title='bbox 595 222 850 269; x_wconf 84' lang='lat' dir='ltr'>amfractibus</span> <span class='ocrx_word' id='word_1_17' title='bbox 877 231 1038 269; x_wconf 89' lang='lat' dir='ltr'><strong>aetheris</strong></span> <span class='ocrx_word' id='word_1_18' title='bbox 1065 243 1150 268; x_wconf 85' lang='lat' dir='ltr'><strong>oras</strong></span> 
     </span>
     <span class='ocr_line' id='line_1_5' title="bbox 190 293 1191 351; baseline -0.003 -20"><span class='ocrx_word' id='word_1_19' title='bbox 190 294 306 332; x_wconf 87' lang='lat' dir='ltr'><strong>Partit</strong></span> <span class='ocrx_word' id='word_1_20' title='bbox 333 302 371 331; x_wconf 90' lang='lat' dir='ltr'><strong>et</strong></span> <span class='ocrx_word' id='word_1_21' title='bbox 397 293 435 330; x_wconf 91' lang='lat' dir='ltr'><strong>in</strong></span> <span class='ocrx_word' id='word_1_22' title='bbox 463 301 587 342; x_wconf 86' lang='lat' dir='ltr'><strong>partes</strong></span> <span class='ocrx_word' id='word_1_23' title='bbox 615 306 693 331; x_wconf 90' lang='lat' dir='ltr'><strong>non</strong></span> <span class='ocrx_word' id='word_1_24' title='bbox 720 306 860 341; x_wconf 86' lang='lat' dir='ltr'><strong>aequas</strong></span> <span class='ocrx_word' id='word_1_25' title='bbox 888 293 1022 330; x_wconf 89' lang='lat' dir='ltr'><strong>dividit</strong></span> <span class='ocrx_word' id='word_1_26' title='bbox 1050 294 1191 351; x_wconf 86' lang='lat' dir='ltr'><strong>orbern,</strong></span> 
     </span>
     <span class='ocr_line' id='line_1_6' title="bbox 175 350 1158 457; baseline -0.003 -64"><span class='ocrx_word' id='word_1_27' title='bbox 175 357 239 457; x_wconf 43' lang='lat' dir='ltr'><strong>{Et</strong></span> <span class='ocrx_word' id='word_1_28' title='bbox 266 357 368 404; x_wconf 90' lang='lat' dir='ltr'><strong>quod</strong></span> <span class='ocrx_word' id='word_1_29' title='bbox 396 356 444 393; x_wconf 86' lang='lat' dir='ltr'><strong>ab</strong></span> <span class='ocrx_word' id='word_1_30' title='bbox 459 350 649 393; x_wconf 54' lang='lat' dir='ltr'><strong>*alterutra</strong></span> <span class='ocrx_word' id='word_1_31' title='bbox 676 355 835 392; x_wconf 85' lang='lat' dir='ltr'>detraxit</span> <span class='ocrx_word' id='word_1_32' title='bbox 863 361 980 408; x_wconf 84' lang='lat' dir='ltr'><strong>parte,</strong></span> <span class='ocrx_word' id='word_1_33' title='bbox 1009 352 1158 402; x_wconf 87' lang='lat' dir='ltr'>reponit</span> 
     </span>
     <span class='ocr_line' id='line_1_7' title="bbox 192 418 1085 466; baseline 0 -11"><span class='ocrx_word' id='word_1_34' title='bbox 192 418 282 456; x_wconf 89' lang='lat' dir='ltr'><strong>Eius</strong></span> <span class='ocrx_word' id='word_1_35' title='bbox 308 419 347 455; x_wconf 92' lang='lat' dir='ltr'><strong>in</strong></span> <span class='ocrx_word' id='word_1_36' title='bbox 374 419 531 456; x_wconf 87' lang='lat' dir='ltr'><strong>adversa</strong></span> <span class='ocrx_word' id='word_1_37' title='bbox 558 426 664 455; x_wconf 85' lang='lat' dir='ltr'><strong>tanto</strong></span> <span class='ocrx_word' id='word_1_38' title='bbox 691 420 775 466; x_wconf 86' lang='lat' dir='ltr'><strong>plus</strong></span> <span class='ocrx_word' id='word_1_39' title='bbox 803 425 909 465; x_wconf 88' lang='lat' dir='ltr'><strong>parte</strong></span> <span class='ocrx_word' id='word_1_40' title='bbox 936 419 1085 462; x_wconf 87' lang='lat' dir='ltr'><strong>relatus,</strong></span> 
     </span>
     <span class='ocr_line' id='line_1_8' title="bbox 192 480 1186 529; baseline -0.001 -11"><span class='ocrx_word' id='word_1_41' title='bbox 192 483 328 519; x_wconf 89' lang='lat' dir='ltr'><strong>Donec</strong></span> <span class='ocrx_word' id='word_1_42' title='bbox 355 483 403 519; x_wconf 90' lang='lat' dir='ltr'><strong>ad</strong></span> <span class='ocrx_word' id='word_1_43' title='bbox 431 481 468 519; x_wconf 92' lang='lat' dir='ltr'><strong>id</strong></span> <span class='ocrx_word' id='word_1_44' title='bbox 498 482 646 529; x_wconf 83' lang='lat' dir='ltr'><strong>signum</strong></span> <span class='ocrx_word' id='word_1_45' title='bbox 675 481 768 519; x_wconf 87' lang='lat' dir='ltr'><strong>caeli</strong></span> <span class='ocrx_word' id='word_1_46' title='bbox 796 481 976 528; x_wconf 87' lang='lat' dir='ltr'><strong>pervenit‚</strong></span> <span class='ocrx_word' id='word_1_47' title='bbox 1005 481 1069 518; x_wconf 92' lang='lat' dir='ltr'><strong>ubi</strong></span> <span class='ocrx_word' id='word_1_48' title='bbox 1098 480 1186 518; x_wconf 82' lang='lat' dir='ltr'><strong>anni</strong></span> 
     </span>
     <span class='ocr_line' id='line_1_9' title="bbox 193 543 1132 590; baseline -0.003 -9"><span class='ocrx_word' id='word_1_49' title='bbox 193 545 328 581; x_wconf 89' lang='lat' dir='ltr'><strong>Nodus</strong></span> <span class='ocrx_word' id='word_1_50' title='bbox 356 552 558 581; x_wconf 87' lang='lat' dir='ltr'><strong>nocturnas</strong></span> <span class='ocrx_word' id='word_1_51' title='bbox 588 550 772 590; x_wconf 80' lang='lat' dir='ltr'>exaequat</span> <span class='ocrx_word' id='word_1_52' title='bbox 800 543 944 580; x_wconf 90' lang='lat' dir='ltr'><strong>lucibus</strong></span> <span class='ocrx_word' id='word_1_53' title='bbox 972 544 1132 580; x_wconf 86' lang='lat' dir='ltr'><strong>umbras.</strong></span> 
     </span>
    </p>
   </div>
   <div class='ocr_carea' id='block_1_4' title="bbox 14 596 1164 653">
    <p class='ocr_par' dir='ltr' id='par_1_4' title="bbox 14 596 1164 653">
     <span class='ocr_line' id='line_1_10' title="bbox 14 596 1164 653; baseline -0.001 -10"><span class='ocrx_word' id='word_1_54' title='bbox 14 613 53 631; x_wconf 54' lang='lat' dir='ltr'><strong>&#39;s</strong></span> <span class='ocrx_word' id='word_1_55' title='bbox 132 600 304 653; x_wconf 43' lang='grc' dir='ltr'><strong>ζχζΝειῐη,</strong></span> <span class='ocrx_word' id='word_1_56' title='bbox 334 607 460 644; x_wconf 87' lang='lat' dir='ltr'><strong>medio</strong></span> <span class='ocrx_word' id='word_1_57' title='bbox 488 620 596 643; x_wconf 91' lang='lat' dir='ltr'><strong>cursu</strong></span> <span class='ocrx_word' id='word_1_58' title='bbox 625 607 732 642; x_wconf 88' lang='lat' dir='ltr'><strong>flatus</strong></span> <span class='ocrx_word' id='word_1_59' title='bbox 761 605 947 653; x_wconf 84' lang='lat' dir='ltr'><strong>aquilonis</strong></span> <span class='ocrx_word' id='word_1_60' title='bbox 976 613 1012 643; x_wconf 92' lang='lat' dir='ltr'><strong>et</strong></span> <span class='ocrx_word' id='word_1_61' title='bbox 1039 596 1164 652; x_wconf 61' lang='lat' dir='ltr'><strong>arfs&#39;tri,</strong></span> 
     </span>
    </p>
   </div>
   <div class='ocr_carea' id='block_1_5' title="bbox 161 668 1195 1158">
    <p class='ocr_par' dir='ltr' id='par_1_5' title="bbox 191 668 1195 1028">
     <span class='ocr_line' id='line_1_11' title="bbox 194 668 1113 717; baseline -0.003 -10"><span class='ocrx_word' id='word_1_62' title='bbox 194 670 358 707; x_wconf 80' lang='lat' dir='ltr'><strong>Distinet</strong></span> <span class='ocrx_word' id='word_1_63' title='bbox 385 676 548 717; x_wconf 86' lang='lat' dir='ltr'><strong>aequato</strong></span> <span class='ocrx_word' id='word_1_64' title='bbox 576 670 723 705; x_wconf 85' lang='lat' dir='ltr'><strong>caelum</strong></span> <span class='ocrx_word' id='word_1_65' title='bbox 752 668 966 705; x_wconf 82' lang='lat' dir='ltr'><strong>discrimine</strong></span> <span class='ocrx_word' id='word_1_66' title='bbox 994 677 1113 705; x_wconf 85' lang='lat' dir='ltr'><strong>metas</strong></span> 
     </span>
     <span class='ocr_line' id='line_1_12' title="bbox 191 728 1054 779; baseline -0.002 -12"><span class='ocrx_word' id='word_1_67' title='bbox 191 733 349 779; x_wconf 87' lang='lat' dir='ltr'>Propter</span> <span class='ocrx_word' id='word_1_68' title='bbox 376 729 537 778; x_wconf 83' lang='lat' dir='ltr'><strong>signiferi</strong></span> <span class='ocrx_word' id='word_1_69' title='bbox 565 728 772 777; x_wconf 84' lang='lat' dir='ltr'><strong>posituram</strong></span> <span class='ocrx_word' id='word_1_70' title='bbox 801 729 916 766; x_wconf 88' lang='lat' dir='ltr'><strong>totius</strong></span> <span class='ocrx_word' id='word_1_71' title='bbox 944 729 1054 773; x_wconf 92' lang='lat' dir='ltr'><strong>orbis,</strong></span> 
     </span>
     <span class='ocr_line' id='line_1_13' title="bbox 192 792 1195 841; baseline -0.002 -11"><span class='ocrx_word' id='word_1_72' title='bbox 192 796 330 830; x_wconf 87' lang='lat' dir='ltr'><strong>Annua</strong></span> <span class='ocrx_word' id='word_1_73' title='bbox 356 796 412 831; x_wconf 91' lang='lat' dir='ltr'><strong>sol</strong></span> <span class='ocrx_word' id='word_1_74' title='bbox 439 794 476 830; x_wconf 86' lang='lat' dir='ltr'><strong>in</strong></span> <span class='ocrx_word' id='word_1_75' title='bbox 505 806 580 841; x_wconf 89' lang='lat' dir='ltr'><strong>quo</strong></span> <span class='ocrx_word' id='word_1_76' title='bbox 609 792 803 830; x_wconf 88' lang='lat' dir='ltr'><strong>concludit</strong></span> <span class='ocrx_word' id='word_1_77' title='bbox 830 799 1003 839; x_wconf 85' lang='lat' dir='ltr'><strong>tempora</strong></span> <span class='ocrx_word' id='word_1_78' title='bbox 1031 805 1195 840; x_wconf 86' lang='lat' dir='ltr'><strong>serpens,</strong></span> 
     </span>
     <span class='ocr_line' id='line_1_14' title="bbox 193 852 1109 902; baseline -0.002 -10"><span class='ocrx_word' id='word_1_79' title='bbox 193 854 362 902; x_wconf 86' lang='lat' dir='ltr'><strong>Obliquo</strong></span> <span class='ocrx_word' id='word_1_80' title='bbox 390 863 503 891; x_wconf 84' lang='lat' dir='ltr'><strong>terras</strong></span> <span class='ocrx_word' id='word_1_81' title='bbox 533 860 569 890; x_wconf 93' lang='lat' dir='ltr'><strong>et</strong></span> <span class='ocrx_word' id='word_1_82' title='bbox 596 855 742 890; x_wconf 83' lang='lat' dir='ltr'><strong>caelum</strong></span> <span class='ocrx_word' id='word_1_83' title='bbox 771 852 912 889; x_wconf 87' lang='lat' dir='ltr'><strong>lumine</strong></span> <span class='ocrx_word' id='word_1_84' title='bbox 940 854 1109 897; x_wconf 77' lang='lat' dir='ltr'><strong>lustrans,</strong></span> 
     </span>
     <span class='ocr_line' id='line_1_15' title="bbox 193 915 1044 969; baseline -0.004 -14"><span class='ocrx_word' id='word_1_85' title='bbox 193 919 248 956; x_wconf 80' lang='lat' dir='ltr'><strong>Ut</strong></span> <span class='ocrx_word' id='word_1_86' title='bbox 275 917 368 969; x_wconf 68' lang='lat' dir='ltr'><strong>ratio</strong></span> <span class='ocrx_word' id='word_1_87' title='bbox 397 918 562 954; x_wconf 80' lang='lat' dir='ltr'><strong>declarat</strong></span> <span class='ocrx_word' id='word_1_88' title='bbox 589 929 720 953; x_wconf 87' lang='lat' dir='ltr'><strong>eorum</strong></span> <span class='ocrx_word' id='word_1_89' title='bbox 749 915 814 963; x_wconf 89' lang='lat' dir='ltr'><strong>qui</strong></span> <span class='ocrx_word' id='word_1_90' title='bbox 841 916 925 952; x_wconf 85' lang='lat' dir='ltr'><strong>loca</strong></span> <span class='ocrx_word' id='word_1_91' title='bbox 952 917 1044 952; x_wconf 90' lang='lat' dir='ltr'><strong>caeli</strong></span> 
     </span>
     <span class='ocr_line' id='line_1_16' title="bbox 195 966 1074 1028; baseline -0.003 -10"><span class='ocrx_word' id='word_1_92' title='bbox 195 970 334 1018; x_wconf 78' lang='lat' dir='ltr'><strong>Omnia</strong></span> <span class='ocrx_word' id='word_1_93' title='bbox 361 980 552 1028; x_wconf 84' lang='lat' dir='ltr'><strong>dispositis</strong></span> <span class='ocrx_word' id='word_1_94' title='bbox 581 979 694 1027; x_wconf 83' lang='lat' dir='ltr'><strong>signis</strong></span> <span class='ocrx_word' id='word_1_95' title='bbox 724 986 856 1015; x_wconf 89' lang='lat' dir='ltr'><strong>ornata</strong></span> <span class='ocrx_word' id='word_1_96' title='bbox 872 966 1074 1016; x_wconf 64' lang='lat' dir='ltr'><strong>‘&#39;notarunt.</strong></span> 
     </span>
    </p>

    <p class='ocr_par' dir='ltr' id='par_1_6' title="bbox 161 1026 1195 1158">
     <span class='ocr_line' id='line_1_17' title="bbox 161 1026 1153 1095; baseline -0.003 -16"><span class='ocrx_word' id='word_1_97' title='bbox 161 1070 165 1072; x_wconf 86' lang='lat'><em>-</em></span> <span class='ocrx_word' id='word_1_98' title='bbox 194 1045 270 1079; x_wconf 90' lang='lat' dir='ltr'><strong>Aut</strong></span> <span class='ocrx_word' id='word_1_99' title='bbox 299 1044 390 1090; x_wconf 87' lang='lat' dir='ltr'><strong>quia</strong></span> <span class='ocrx_word' id='word_1_100' title='bbox 417 1042 575 1095; x_wconf 61' lang='lat' dir='ltr'><strong>crassior</strong></span> <span class='ocrx_word' id='word_1_101' title='bbox 601 1049 656 1078; x_wconf 84' lang='lat' dir='ltr'><strong>est</strong></span> <span class='ocrx_word' id='word_1_102' title='bbox 685 1041 793 1077; x_wconf 86' lang='lat' dir='ltr'><strong>certis</strong></span> <span class='ocrx_word' id='word_1_103' title='bbox 823 1040 858 1076; x_wconf 87' lang='lat' dir='ltr'><strong>in</strong></span> <span class='ocrx_word' id='word_1_104' title='bbox 888 1026 1055 1088; x_wconf 52' lang='lat' dir='ltr'><strong>partibus</strong></span> <span class='ocrx_word' id='word_1_105' title='bbox 1083 1054 1153 1087; x_wconf 86' lang='lat' dir='ltr'><strong>aer,</strong></span> 
     </span>
     <span class='ocr_line' id='line_1_18' title="bbox 195 1102 1195 1158; baseline -0.002 -16"><span class='ocrx_word' id='word_1_106' title='bbox 195 1106 273 1143; x_wconf 87' lang='lat' dir='ltr'><strong>Sub</strong></span> <span class='ocrx_word' id='word_1_107' title='bbox 301 1106 406 1141; x_wconf 88' lang='lat' dir='ltr'><strong>terris</strong></span> <span class='ocrx_word' id='word_1_108' title='bbox 434 1105 520 1141; x_wconf 87' lang='lat' dir='ltr'><strong>ideo</strong></span> <span class='ocrx_word' id='word_1_109' title='bbox 548 1104 750 1140; x_wconf 86' lang='lat' dir='ltr'><strong>tremulum</strong></span> <span class='ocrx_word' id='word_1_110' title='bbox 780 1102 886 1139; x_wconf 74' lang='lat' dir='ltr'><strong>iubar</strong></span> <span class='ocrx_word' id='word_1_111' title='bbox 913 1103 1071 1158; x_wconf 62' lang='lat' dir='ltr'><strong>haesitat</strong></span> <span class='ocrx_word' id='word_1_112' title='bbox 1099 1102 1195 1152; x_wconf 86' lang='lat' dir='ltr'><strong>ignis</strong></span> 
     </span>
    </p>
   </div>
   <div class='ocr_carea' id='block_1_6' title="bbox 796 1147 872 1159">
    <p class='ocr_par' dir='ltr' id='par_1_7' title="bbox 796 1147 872 1159">
     <span class='ocr_line' id='line_1_19' title="bbox 796 1147 872 1159; baseline 0 -5"><span class='ocrx_word' id='word_1_113' title='bbox 796 1147 872 1159; x_wconf 50' lang='lat' dir='ltr'><strong>,p-</strong></span> 
     </span>
    </p>
   </div>
   <div class='ocr_carea' id='block_1_7' title="bbox 196 1167 1360 1215">
    <p class='ocr_par' dir='ltr' id='par_1_8' title="bbox 196 1167 1360 1215">
     <span class='ocr_line' id='line_1_20' title="bbox 196 1167 1360 1215; baseline -0.003 -10"><span class='ocrx_word' id='word_1_114' title='bbox 196 1170 278 1205; x_wconf 88' lang='lat' dir='ltr'><strong>Nec</strong></span> <span class='ocrx_word' id='word_1_115' title='bbox 306 1174 498 1215; x_wconf 85' lang='lat' dir='ltr'><strong>penetrare</strong></span> <span class='ocrx_word' id='word_1_116' title='bbox 526 1173 650 1214; x_wconf 88' lang='lat' dir='ltr'><strong>potest</strong></span> <span class='ocrx_word' id='word_1_117' title='bbox 677 1167 787 1203; x_wconf 84' lang='lat' dir='ltr'><strong>facile</strong></span> <span class='ocrx_word' id='word_1_118' title='bbox 814 1173 929 1214; x_wconf 85' lang='lat' dir='ltr'><strong>atque</strong></span> <span class='ocrx_word' id='word_1_119' title='bbox 957 1178 1146 1213; x_wconf 81' lang='lat' dir='ltr'><strong>emergere</strong></span> <span class='ocrx_word' id='word_1_120' title='bbox 1173 1167 1222 1203; x_wconf 87' lang='lat' dir='ltr'><strong>ad</strong></span> <span class='ocrx_word' id='word_1_121' title='bbox 1250 1174 1360 1203; x_wconf 88' lang='lat' dir='ltr'><strong>ortus.</strong></span> 
     </span>
    </p>
   </div>
   <div class='ocr_carea' id='block_1_8' title="bbox 196 1229 1161 1589">
    <p class='ocr_par' dir='ltr' id='par_1_9' title="bbox 196 1229 1161 1589">
     <span class='ocr_line' id='line_1_21' title="bbox 196 1229 1103 1278; baseline -0.001 -11"><span class='ocrx_word' id='word_1_122' title='bbox 196 1233 398 1278; x_wconf 84' lang='lat' dir='ltr'><strong>Propterea</strong></span> <span class='ocrx_word' id='word_1_123' title='bbox 425 1237 555 1266; x_wconf 86' lang='lat' dir='ltr'><strong>noctes</strong></span> <span class='ocrx_word' id='word_1_124' title='bbox 584 1229 743 1266; x_wconf 76' lang='lat' dir='ltr'><strong>hiberno</strong></span> <span class='ocrx_word' id='word_1_125' title='bbox 771 1236 940 1276; x_wconf 84' lang='lat' dir='ltr'><strong>tempore</strong></span> <span class='ocrx_word' id='word_1_126' title='bbox 968 1230 1103 1277; x_wconf 85' lang='lat' dir='ltr'><strong>longae</strong></span> 
     </span>
     <span class='ocr_line' id='line_1_22' title="bbox 196 1291 1134 1346; baseline -0.003 -15"><span class='ocrx_word' id='word_1_127' title='bbox 196 1295 366 1346; x_wconf 80' lang='lat' dir='ltr'><strong>Cessant‚</strong></span> <span class='ocrx_word' id='word_1_128' title='bbox 396 1294 484 1329; x_wconf 88' lang='lat' dir='ltr'><strong>durn</strong></span> <span class='ocrx_word' id='word_1_129' title='bbox 513 1292 638 1329; x_wconf 89' lang='lat' dir='ltr'><strong>veniat</strong></span> <span class='ocrx_word' id='word_1_130' title='bbox 665 1292 849 1328; x_wconf 80' lang='lat' dir='ltr'><strong>radiatum</strong></span> <span class='ocrx_word' id='word_1_131' title='bbox 877 1292 1023 1340; x_wconf 84' lang='lat' dir='ltr'><strong>insigne</strong></span> <span class='ocrx_word' id='word_1_132' title='bbox 1051 1291 1134 1329; x_wconf 90' lang='lat' dir='ltr'><strong>diei.</strong></span> 
     </span>
     <span class='ocr_line' id='line_1_23' title="bbox 197 1343 1108 1402; baseline -0.002 -10"><span class='ocrx_word' id='word_1_133' title='bbox 197 1359 271 1392; x_wconf 89' lang='lat' dir='ltr'><strong>Aut</strong></span> <span class='ocrx_word' id='word_1_134' title='bbox 299 1355 423 1398; x_wconf 83' lang='lat' dir='ltr'><strong>etiam,</strong></span> <span class='ocrx_word' id='word_1_135' title='bbox 453 1354 540 1402; x_wconf 82' lang='lat' dir='ltr'><strong>quia</strong></span> <span class='ocrx_word' id='word_1_136' title='bbox 567 1354 620 1390; x_wconf 89' lang='lat' dir='ltr'><strong>sic</strong></span> <span class='ocrx_word' id='word_1_137' title='bbox 647 1354 798 1391; x_wconf 85' lang='lat' dir='ltr'><strong>alternis</strong></span> <span class='ocrx_word' id='word_1_138' title='bbox 826 1343 992 1402; x_wconf 85' lang='lat' dir='ltr'><strong>partibus</strong></span> <span class='ocrx_word' id='word_1_139' title='bbox 1020 1355 1108 1391; x_wconf 86' lang='lat' dir='ltr'><strong>anni</strong></span> 
     </span>
     <span class='ocr_line' id='line_1_24' title="bbox 196 1416 1161 1464; baseline 0 -10"><span class='ocrx_word' id='word_1_140' title='bbox 196 1417 356 1454; x_wconf 77' lang='lat' dir='ltr'><strong>sardius</strong></span> <span class='ocrx_word' id='word_1_141' title='bbox 384 1424 420 1454; x_wconf 90' lang='lat' dir='ltr'><strong>et</strong></span> <span class='ocrx_word' id='word_1_142' title='bbox 449 1416 557 1453; x_wconf 88' lang='lat' dir='ltr'><strong>citius</strong></span> <span class='ocrx_word' id='word_1_143' title='bbox 585 1424 812 1453; x_wconf 86' lang='lat' dir='ltr'><strong>consuerunt</strong></span> <span class='ocrx_word' id='word_1_144' title='bbox 840 1417 1028 1453; x_wconf 85' lang='lat' dir='ltr'><strong>confluere</strong></span> <span class='ocrx_word' id='word_1_145' title='bbox 1057 1417 1161 1464; x_wconf 84' lang='lat' dir='ltr'><strong>ignes</strong></span> 
     </span>
     <span class='ocr_line' id='line_1_25' title="bbox 197 1478 1084 1529; baseline 0.002 -14"><span class='ocrx_word' id='word_1_146' title='bbox 197 1479 273 1527; x_wconf 89' lang='lat' dir='ltr'><strong>Qui</strong></span> <span class='ocrx_word' id='word_1_147' title='bbox 300 1478 441 1516; x_wconf 82' lang='lat' dir='ltr'><strong>faciunt</strong></span> <span class='ocrx_word' id='word_1_148' title='bbox 469 1480 588 1515; x_wconf 90' lang='lat' dir='ltr'><strong>solem</strong></span> <span class='ocrx_word' id='word_1_149' title='bbox 617 1485 717 1529; x_wconf 42' lang='lat' dir='ltr'><strong>certa</strong></span> <span class='ocrx_word' id='word_1_150' title='bbox 744 1480 941 1527; x_wconf 82' lang='lat' dir='ltr'><strong>desurgere</strong></span> <span class='ocrx_word' id='word_1_151' title='bbox 970 1487 1084 1527; x_wconf 83' lang='lat' dir='ltr'><strong>parte,</strong></span> 
     </span>
     <span class='ocr_line' id='line_1_26' title="bbox 198 1539 1083 1589; baseline 0 -11"><span class='ocrx_word' id='word_1_152' title='bbox 198 1544 402 1589; x_wconf 87' lang='lat' dir='ltr'><strong>Propterea</strong></span> <span class='ocrx_word' id='word_1_153' title='bbox 430 1542 470 1577; x_wconf 84' lang='lat' dir='ltr'><strong>fit</strong></span> <span class='ocrx_word' id='word_1_154' title='bbox 499 1540 550 1577; x_wconf 87' lang='lat' dir='ltr'><strong>uti</strong></span> <span class='ocrx_word' id='word_1_155' title='bbox 579 1539 776 1577; x_wconf 88' lang='lat' dir='ltr'><strong>videantur</strong></span> <span class='ocrx_word' id='word_1_156' title='bbox 803 1541 927 1578; x_wconf 91' lang='lat' dir='ltr'><strong>dicere</strong></span> <span class='ocrx_word' id='word_1_157' title='bbox 954 1554 1083 1578; x_wconf 88' lang='lat' dir='ltr'><strong>verum</strong></span> 
     </span>
    </p>
   </div>
   <div class='ocr_carea' id='block_1_9' title="bbox 45 1603 1133 1662">
    <p class='ocr_par' dir='ltr' id='par_1_10' title="bbox 45 1603 1133 1662">
     <span class='ocr_line' id='line_1_27' title="bbox 45 1603 1133 1662; baseline 0.003 -24"><span class='ocrx_word' id='word_1_158' title='bbox 45 1632 52 1645; x_wconf 47' lang='lat' dir='ltr'><em>I</em></span> <span class='ocrx_word' id='word_1_159' title='bbox 65 1622 102 1662; x_wconf 43' lang='grc' dir='ltr'><strong>μ’,</strong></span> <span class='ocrx_word' id='word_1_160' title='bbox 132 1622 158 1646; x_wconf 64' lang='lat'><strong>³1</strong></span> <span class='ocrx_word' id='word_1_161' title='bbox 200 1603 281 1650; x_wconf 76' lang='lat' dir='ltr'><strong>Qui</strong></span> <span class='ocrx_word' id='word_1_162' title='bbox 291 1604 442 1659; x_wconf 42' lang='grc' dir='ltr'><strong>[αξ-ῥιπὶ</strong></span> <span class='ocrx_word' id='word_1_163' title='bbox 467 1603 551 1639; x_wconf 83' lang='lat' dir='ltr'><strong>solis</strong></span> <span class='ocrx_word' id='word_1_164' title='bbox 575 1609 713 1650; x_wconf 78' lang='lat' dir='ltr'><strong>semper</strong></span> <span class='ocrx_word' id='word_1_165' title='bbox 738 1615 828 1640; x_wconf 83' lang='lat' dir='ltr'><strong>nova</strong></span> <span class='ocrx_word' id='word_1_166' title='bbox 855 1604 998 1639; x_wconf 76' lang='lat' dir='ltr'><strong>lumina</strong></span> <span class='ocrx_word' id='word_1_167' title='bbox 1020 1606 1133 1652; x_wconf 65' lang='lat' dir='ltr'><strong>gzgrm&#39;.</strong></span> 
     </span>
    </p>
   </div>
   <div class='ocr_carea' id='block_1_10' title="bbox 195 1665 1256 2156">
    <p class='ocr_par' dir='ltr' id='par_1_11' title="bbox 195 1665 1216 1961">
     <span class='ocr_line' id='line_1_28' title="bbox 248 1665 1112 1714; baseline 0.002 -12"><span class='ocrx_word' id='word_1_168' title='bbox 248 1667 357 1702; x_wconf 80' lang='lat' dir='ltr'><strong>Luna</strong></span> <span class='ocrx_word' id='word_1_169' title='bbox 384 1673 508 1713; x_wconf 88' lang='lat' dir='ltr'><strong>potest</strong></span> <span class='ocrx_word' id='word_1_170' title='bbox 535 1665 622 1702; x_wconf 81' lang='lat' dir='ltr'><strong>solis</strong></span> <span class='ocrx_word' id='word_1_171' title='bbox 651 1665 764 1702; x_wconf 88' lang='lat' dir='ltr'><strong>radiis</strong></span> <span class='ocrx_word' id='word_1_172' title='bbox 791 1679 967 1714; x_wconf 85' lang='lat' dir='ltr'><strong>percussa</strong></span> <span class='ocrx_word' id='word_1_173' title='bbox 995 1666 1112 1704; x_wconf 89' lang='lat' dir='ltr'><strong>nitere</strong></span> 
     </span>
     <span class='ocr_line' id='line_1_29' title="bbox 197 1727 1177 1776; baseline 0.002 -11"><span class='ocrx_word' id='word_1_174' title='bbox 197 1730 318 1775; x_wconf 87' lang='lat' dir='ltr'><strong>Inque</strong></span> <span class='ocrx_word' id='word_1_175' title='bbox 347 1728 428 1765; x_wconf 87' lang='lat' dir='ltr'><strong>dies</strong></span> <span class='ocrx_word' id='word_1_176' title='bbox 456 1728 573 1776; x_wconf 85' lang='lat' dir='ltr'><strong>magis</strong></span> <span class='ocrx_word' id='word_1_177' title='bbox 602 1727 640 1764; x_wconf 91' lang='lat' dir='ltr'><strong>id</strong></span> <span class='ocrx_word' id='word_1_178' title='bbox 668 1729 796 1765; x_wconf 86' lang='lat' dir='ltr'><strong>lumen</strong></span> <span class='ocrx_word' id='word_1_179' title='bbox 824 1736 1040 1766; x_wconf 89' lang='lat' dir='ltr'><strong>convertere</strong></span> <span class='ocrx_word' id='word_1_180' title='bbox 1068 1730 1177 1767; x_wconf 88' lang='lat' dir='ltr'><strong>nobis</strong></span> 
     </span>
     <span class='ocr_line' id='line_1_30' title="bbox 195 1788 1158 1857; baseline 0.003 -33"><span class='ocrx_word' id='word_1_181' title='bbox 195 1789 256 1825; x_wconf 89' lang='lat' dir='ltr'><strong>Ad</strong></span> <span class='ocrx_word' id='word_1_182' title='bbox 284 1789 472 1849; x_wconf 87' lang='lat' dir='ltr'><strong>speciem,</strong></span> <span class='ocrx_word' id='word_1_183' title='bbox 480 1795 674 1857; x_wconf 53' lang='lat' dir='ltr'><strong>qua‘gitum</strong></span> <span class='ocrx_word' id='word_1_184' title='bbox 703 1788 791 1825; x_wconf 89' lang='lat' dir='ltr'><strong>solis</strong></span> <span class='ocrx_word' id='word_1_185' title='bbox 819 1790 961 1827; x_wconf 87' lang='lat' dir='ltr'><strong>secedit</strong></span> <span class='ocrx_word' id='word_1_186' title='bbox 989 1793 1037 1827; x_wconf 82' lang='lat' dir='ltr'><strong>ab</strong></span> <span class='ocrx_word' id='word_1_187' title='bbox 1066 1791 1158 1836; x_wconf 88' lang='lat' dir='ltr'><strong>orbi,</strong></span> 
     </span>
     <span class='ocr_line' id='line_1_31' title="bbox 197 1835 1216 1904; baseline 0.002 -17"><span class='ocrx_word' id='word_1_188' title='bbox 197 1850 377 1902; x_wconf 86' lang='lat' dir='ltr'><strong>Donique</strong></span> <span class='ocrx_word' id='word_1_189' title='bbox 391 1847 510 1886; x_wconf 76' lang='lat' dir='ltr'><strong>seum</strong></span> <span class='ocrx_word' id='word_1_190' title='bbox 514 1835 650 1886; x_wconf 60' lang='lat' dir='ltr'><strong>eontra</strong></span> <span class='ocrx_word' id='word_1_191' title='bbox 678 1851 793 1904; x_wconf 87' lang='lat' dir='ltr'><strong>pleno</strong></span> <span class='ocrx_word' id='word_1_192' title='bbox 798 1852 919 1902; x_wconf 77' lang='lat' dir='ltr'><strong>bene</strong></span> <span class='ocrx_word' id='word_1_193' title='bbox 947 1851 1088 1889; x_wconf 91' lang='lat' dir='ltr'><strong>lumine</strong></span> <span class='ocrx_word' id='word_1_194' title='bbox 1116 1852 1216 1890; x_wconf 86' lang='lat' dir='ltr'><strong>fulsit</strong></span> 
     </span>
     <span class='ocr_line' id='line_1_32' title="bbox 196 1912 1144 1961; baseline 0.001 -11"><span class='ocrx_word' id='word_1_195' title='bbox 196 1916 322 1960; x_wconf 86' lang='lat' dir='ltr'><strong>Atque</strong></span> <span class='ocrx_word' id='word_1_196' title='bbox 350 1912 472 1949; x_wconf 92' lang='lat' dir='ltr'><strong>oriens</strong></span> <span class='ocrx_word' id='word_1_197' title='bbox 501 1912 627 1949; x_wconf 90' lang='lat' dir='ltr'><strong>obitus</strong></span> <span class='ocrx_word' id='word_1_198' title='bbox 655 1913 735 1949; x_wconf 90' lang='lat' dir='ltr'><strong>eius</strong></span> <span class='ocrx_word' id='word_1_199' title='bbox 763 1926 874 1961; x_wconf 90' lang='lat' dir='ltr'><strong>super</strong></span> <span class='ocrx_word' id='word_1_200' title='bbox 900 1913 1001 1950; x_wconf 81' lang='lat' dir='ltr'><strong>edita</strong></span> <span class='ocrx_word' id='word_1_201' title='bbox 1029 1914 1144 1961; x_wconf 85' lang='lat' dir='ltr'><strong>vidit;</strong></span> 
     </span>
    </p>

    <p class='ocr_par' dir='ltr' id='par_1_12' title="bbox 197 1945 1256 2156">
     <span class='ocr_line' id='line_1_33' title="bbox 198 1945 1144 2031; baseline 0.001 -20"><span class='ocrx_word' id='word_1_202' title='bbox 198 1975 294 2011; x_wconf 90' lang='lat' dir='ltr'><strong>Inde</strong></span> <span class='ocrx_word' id='word_1_203' title='bbox 322 1973 532 2029; x_wconf 57' lang='lat' dir='ltr'><strong>min-utatim</strong></span> <span class='ocrx_word' id='word_1_204' title='bbox 561 1982 659 2010; x_wconf 85' lang='lat' dir='ltr'><strong>retro</strong></span> <span class='ocrx_word' id='word_1_205' title='bbox 689 1976 793 2021; x_wconf 86' lang='lat' dir='ltr'><strong>quasi</strong></span> <span class='ocrx_word' id='word_1_206' title='bbox 824 1975 987 2031; x_wconf 53' lang='lat' dir='ltr'><strong>congere</strong></span> <span class='ocrx_word' id='word_1_207' title='bbox 1015 1945 1144 2012; x_wconf 81' lang='lat' dir='ltr'><strong>lumeri</strong></span> 
     </span>
     <span class='ocr_line' id='line_1_34' title="bbox 197 2036 1256 2086; baseline 0.002 -13"><span class='ocrx_word' id='word_1_208' title='bbox 197 2036 322 2073; x_wconf 86' lang='lat' dir='ltr'><strong>Debet</strong></span> <span class='ocrx_word' id='word_1_209' title='bbox 351 2036 451 2079; x_wconf 88' lang='lat' dir='ltr'><strong>item,</strong></span> <span class='ocrx_word' id='word_1_210' title='bbox 482 2044 625 2083; x_wconf 83' lang='lat' dir='ltr'><strong>quanto</strong></span> <span class='ocrx_word' id='word_1_211' title='bbox 653 2037 808 2084; x_wconf 88' lang='lat' dir='ltr'><strong>propius</strong></span> <span class='ocrx_word' id='word_1_212' title='bbox 836 2037 910 2073; x_wconf 83' lang='lat' dir='ltr'><strong>iarn</strong></span> <span class='ocrx_word' id='word_1_213' title='bbox 939 2038 1028 2075; x_wconf 85' lang='lat' dir='ltr'><strong>solis</strong></span> <span class='ocrx_word' id='word_1_214' title='bbox 1054 2039 1105 2075; x_wconf 81' lang='lat' dir='ltr'><strong>ad</strong></span> <span class='ocrx_word' id='word_1_215' title='bbox 1132 2038 1256 2086; x_wconf 87' lang='lat' dir='ltr'><strong>ignem</strong></span> 
     </span>
     <span class='ocr_line' id='line_1_35' title="bbox 197 2098 1148 2156; baseline 0.002 -21"><span class='ocrx_word' id='word_1_216' title='bbox 197 2098 352 2135; x_wconf 80' lang='lat' dir='ltr'><strong>Labitur</strong></span> <span class='ocrx_word' id='word_1_217' title='bbox 380 2111 425 2134; x_wconf 87' lang='lat' dir='ltr'><strong>ex</strong></span> <span class='ocrx_word' id='word_1_218' title='bbox 453 2098 524 2134; x_wconf 81' lang='lat' dir='ltr'><strong>alia</strong></span> <span class='ocrx_word' id='word_1_219' title='bbox 552 2098 740 2146; x_wconf 84' lang='lat' dir='ltr'><strong>signorum</strong></span> <span class='ocrx_word' id='word_1_220' title='bbox 769 2107 874 2146; x_wconf 85' lang='lat' dir='ltr'><strong>parte</strong></span> <span class='ocrx_word' id='word_1_221' title='bbox 903 2112 968 2148; x_wconf 92' lang='lat' dir='ltr'><strong>per</strong></span> <span class='ocrx_word' id='word_1_222' title='bbox 995 2101 1148 2156; x_wconf 54' lang='lat' dir='ltr'><strong>orl-Jem3</strong></span> 
     </span>
    </p>
   </div>
   <div class='ocr_carea' id='block_1_11' title="bbox 202 2160 1080 2223">
    <p class='ocr_par' dir='ltr' id='par_1_13' title="bbox 202 2160 1080 2223">
     <span class='ocr_line' id='line_1_36' title="bbox 202 2160 1080 2223; baseline 0.002 -26"><span class='ocrx_word' id='word_1_223' title='bbox 202 2162 251 2199; x_wconf 92' lang='lat' dir='ltr'><strong>Ut</strong></span> <span class='ocrx_word' id='word_1_224' title='bbox 280 2160 433 2223; x_wconf 48' lang='lat' dir='ltr'><strong>faciunt,</strong></span> <span class='ocrx_word' id='word_1_225' title='bbox 464 2162 591 2196; x_wconf 85' lang='lat' dir='ltr'><strong>lunam</strong></span> <span class='ocrx_word' id='word_1_226' title='bbox 620 2162 683 2208; x_wconf 86' lang='lat' dir='ltr'><strong>qui</strong></span> <span class='ocrx_word' id='word_1_227' title='bbox 711 2161 855 2209; x_wconf 83' lang='lat' dir='ltr'><strong>fingunt</strong></span> <span class='ocrx_word' id='word_1_228' title='bbox 884 2174 964 2198; x_wconf 84' lang='lat' dir='ltr'><strong>esse</strong></span> <span class='ocrx_word' id='word_1_229' title='bbox 992 2162 1080 2217; x_wconf 58' lang='lat' dir='ltr'><strong>ijai</strong></span> 
     </span>
    </p>
   </div>
   <div class='ocr_carea' id='block_1_12' title="bbox 1397 1306 1466 1339">
    <p class='ocr_par' dir='ltr' id='par_1_14' title="bbox 1397 1306 1466 1339">
     <span class='ocr_line' id='line_1_37' title="bbox 1397 1306 1466 1339; baseline 0 -11"><span class='ocrx_word' id='word_1_230' title='bbox 1397 1306 1466 1339; x_wconf 87' lang='lat'><strong>700</strong></span> 
     </span>
    </p>
   </div>
   <div class='ocr_carea' id='block_1_13' title="bbox 1398 1679 1465 1715">
    <p class='ocr_par' dir='ltr' id='par_1_15' title="bbox 1398 1679 1465 1715">
     <span class='ocr_line' id='line_1_38' title="bbox 1398 1679 1465 1715; baseline 0.015 -1"><span class='ocrx_word' id='word_1_231' title='bbox 1398 1679 1465 1715; x_wconf 89' lang='lat'><strong>705</strong></span> 
     </span>
    </p>
   </div>
   <div class='ocr_carea' id='block_1_14' title="bbox 1395 1989 1468 2025">
    <p class='ocr_par' dir='ltr' id='par_1_16' title="bbox 1395 1989 1468 2025">
     <span class='ocr_line' id='line_1_39' title="bbox 1395 1989 1468 2025; baseline 0 -12"><span class='ocrx_word' id='word_1_232' title='bbox 1395 1989 1468 2025; x_wconf 88' lang='lat'><strong>710</strong></span> 
     </span>
    </p>
   </div>
   <div class='ocr_carea' id='block_1_15' title="bbox 1636 130 1646 225">
    <p class='ocr_par' dir='ltr' id='par_1_17' title="bbox 1636 130 1646 225">
     <span class='ocr_line' id='line_1_40' title="bbox 1636 130 1646 225; textangle 90"><span class='ocrx_word' id='word_1_233' title='bbox 1640 182 1646 225; x_wconf 40' lang='lat' dir='ltr'><strong>„a</strong></span> <span class='ocrx_word' id='word_1_234' title='bbox 1636 130 1645 168; x_wconf 51' lang='grc' dir='ltr'><strong>,ομ</strong></span> 
     </span>
    </p>
   </div>
  </div>
 </body>
</html>
