1630 2469
183 78 228 113 28
515 77 602 114 DE
636 79 860 115 RERUM
886 79 1124 116 NATURA

179 160 305 196 Floret
332 172 464 207 equus,
492 172 586 207 puer
613 160 907 208 haudquaquam
920 173 931 207 ;
958 174 1046 198 nam
1074 174 1188 209 saepe
1215 162 1329 199 etiam
1357 175 1457 199 nunc

178 222 307 259 Ubera
334 234 584 258 mammarum
611 221 650 258 in
678 222 819 259 somnis
847 223 1026 260 lactantia
1053 232 1214 271 quaeret.

180 286 270 322 Post
297 284 361 321 ubi
389 297 529 332 equum
556 285 702 322 validae
729 284 824 322 vires
853 292 976 322 aetate
1005 294 1158 323 senecta

180 347 428 395 Membraque
457 346 637 384 deficiunt
664 346 820 395 fugienti
849 347 1026 396 languida
1053 347 1137 394 vita,

178 411 277 446 Tum
306 411 460 447 demum
488 422 606 458 puero
634 409 686 446 illi
714 423 809 447 aevo
838 411 996 448 florente
1024 411 1196 449 iuventas

179 471 330 519 Occipit
357 479 394 508 et
421 471 526 508 molli
553 473 663 509 vestit
690 472 867 519 lanugine
893 474 1021 510 malas.

180 535 240 571 Ne
267 536 362 571 forte
390 548 436 572 ex
464 536 619 572 homine
648 543 685 573 et
712 536 881 573 veterino
910 537 1055 574 semine
1083 550 1265 586 equorum

181 598 347 635 Confieri
375 599 505 635 credas
535 600 747 636 Centauros
775 612 888 647 posse
916 612 1040 648 neque
1068 613 1160 647 esse,

179 663 256 698 Aut
282 661 422 699 rabidis
450 662 607 699 canibus
636 662 846 700 succinctas
876 663 1125 700 semimarinis

181 724 412 772 Corporibus
441 725 581 773 Scyllas
609 732 647 762 et
674 733 799 763 cetera
827 727 874 763 de
903 739 1039 773 genere
1068 728 1214 773 horum,

182 788 285 823 Inter
312 799 352 823 se
379 799 539 834 quorum
568 787 757 825 discordia
785 789 955 825 membra
981 788 1154 825 videmus
1168 802 1179 834 ;

181 848 289 895 Quae
317 861 442 897 neque
469 850 672 887 florescunt
699 851 838 898 pariter
865 863 938 888 nec
966 852 1102 888 robora
1130 859 1281 889 sumunt

182 910 413 958 Corporibus
441 924 564 960 neque
592 912 783 960 proiciunt
810 920 933 950 aetate
961 921 1115 950 senecta

183 974 266 1010 Nec
293 972 404 1010 simili
432 975 581 1011 Venere
608 975 809 1012 ardescunt
837 988 908 1012 nec
936 975 1103 1012 moribus
1132 975 1216 1012 unis

183 1035 436 1080 Conveniunt,
466 1048 590 1083 neque
618 1043 704 1073 sunt
733 1037 866 1073 eadem
895 1036 1061 1073 iucunda
1087 1049 1154 1084 per
1181 1043 1292 1073 artus.

183 1096 337 1144 Quippe
364 1096 492 1134 videre
519 1097 606 1133 licet
634 1096 880 1145 pinguescere
909 1110 1021 1145 saepe
1049 1097 1172 1134 cicuta

183 1158 401 1207 Barbigeras
428 1161 607 1208 pecudes,
637 1160 783 1197 homini
812 1173 910 1208 quae
939 1168 995 1197 est
1022 1174 1106 1197 acre
1134 1173 1331 1198 venenum.

184 1224 354 1260 Flamma
380 1223 536 1270 quidem
562 1236 652 1261 vero
680 1236 767 1260 cum
795 1236 953 1272 corpora
979 1225 1079 1261 fulva
1106 1224 1261 1260 leonum

132 1286 134 1289 ’
182 1287 280 1322 Tam
307 1286 426 1323 ¹soleat
454 1294 591 1323 torrere
618 1294 733 1334 atque
761 1299 867 1324 urere
895 1299 1011 1334 quam
1039 1299 1156 1334 genus
1185 1298 1298 1323 omne

183 1347 347 1386 Visceris
375 1349 413 1385 in
442 1348 547 1386 terris
574 1349 844 1396 quodcumque
873 1356 908 1386 et
937 1348 1128 1397 sanguinis
1157 1356 1268 1394 extet,

184 1407 260 1457 Qui
286 1408 365 1445 fieri
392 1408 524 1457 potuit,
554 1408 691 1456 triplici
718 1421 803 1445 cum
833 1421 989 1456 corpore
1017 1418 1056 1445 ut
1084 1421 1168 1452 una,

185 1471 311 1509 Prima
337 1473 408 1517 leo,
437 1481 628 1521 postrema
654 1473 779 1518 dmm,
810 1471 937 1509 media
962 1471 1056 1519 ipsa,
1084 1471 1283 1509 Chimaera

185 1534 262 1572 Ore
289 1535 387 1571 foras
414 1547 538 1571 acrem
566 1534 671 1570 flaret
701 1533 749 1570 de
777 1546 935 1581 corpore
963 1534 1182 1571 flammam?

185 1598 311 1645 Quare
337 1597 450 1634 etiam
479 1598 611 1633 tellure
639 1609 739 1633 nova
766 1598 949 1644 caeloque
976 1596 1121 1633 recenti

185 1660 294 1696 Talia
321 1659 385 1707 qui
411 1660 517 1708 fingit
544 1660 715 1708 potuisse
743 1659 920 1696 animalia
947 1659 1059 1708 gigni,

186 1722 306 1759 Nixus
333 1722 371 1758 in
404 1722 477 1759 hoc
503 1733 581 1758 uno
609 1721 786 1758 novitatis
815 1720 971 1758 nomine
998 1720 1114 1766 inani,

187 1786 311 1822 Multa
335 1784 424 1822 licet
450 1784 560 1821 simili
587 1784 732 1822 ratione
760 1784 904 1822 effutiat
931 1797 1005 1831 ore,

185 1850 311 1885 Aurea
337 1854 418 1884 turn
446 1846 548 1884 dicat
575 1859 641 1895 per
669 1854 784 1884 terras
811 1847 967 1884 flumina
994 1848 1108 1894 vulgo

186 1907 353 1946 Fluxisse
381 1914 418 1944 et
444 1907 605 1955 gemmis
632 1908 763 1945 florere
790 1908 941 1944 arbusta
968 1910 1096 1945 sue'sse

186 1972 264 2007 Aut
290 1969 484 2007 hominem
512 1976 618 2007 tanto
645 1970 901 2007 membrorum
929 1981 1011 2007 esse
1037 1969 1180 2018 impete
1206 1978 1347 2016 natum,

186 2032 308 2068 Trans
337 2030 451 2068 maria
478 2031 553 2067 alta
579 2031 721 2079 pedum
750 2031 854 2068 nisus
881 2038 922 2068 ut
949 2043 1092 2079 ponere
1121 2039 1250 2079 posset

188 2094 237 2130 Et
263 2093 438 2130 manibus
466 2100 588 2130 totum
613 2094 752 2130 circum
783 2106 824 2131 se
853 2101 996 2131 vertere
1025 2094 1183 2131 caelum.

188 2156 288 2192 Nam
317 2156 421 2203 quod
449 2157 568 2192 multa
601 2157 704 2193 fuere
731 2156 769 2192 in
798 2156 903 2193 terris
931 2156 1076 2193 semina
1102 2168 1223 2193 rerum

1383 227 1454 273 885

1385 541 1458 585 890

1389 1172 1461 1207 900

1389 1481 1460 1519 905

1389 1797 1462 1832 910

1391 2105 1461 2142 915
