1665 2479
567 541 614 578 T.
645 542 889 579 LUCRETI
928 542 1058 579 CARI

412 671 511 717 DE
566 671 847 718 RERUM
902 671 1232 719 NATURA

585 799 748 835 LIBER
786 799 1041 847 QUINTUS,

179 973 282 1019 QUIS
309 971 410 1021 potis
438 979 493 1009 est
522 972 678 1021 dignum
707 973 866 1021 pollenti
893 980 1046 1022 pectore
1075 987 1227 1013 carmen

177 1037 354 1075 Condere
381 1049 449 1085 pro
476 1049 597 1074 rerum
627 1036 823 1074 maiestate
851 1036 984 1085 hisque
1011 1038 1194 1086 repertis?

177 1099 320 1146 Quisve
347 1100 445 1136 valet
472 1099 595 1136 verbis
624 1105 769 1136 tantum
798 1098 862 1147 qui
890 1100 1030 1148 fingere
1057 1100 1187 1138 laudes

177 1164 250 1199 Pro
277 1161 417 1199 meritis
445 1161 525 1199 eius
553 1161 672 1209 possit
700 1161 765 1210 qui
793 1160 882 1198 talia
909 1161 1019 1199 nobis

178 1226 333 1262 Pectore
360 1230 467 1272 parta
494 1236 562 1261 suo
591 1223 838 1272 quaesitaque
866 1223 1032 1272 praemia
1060 1224 1196 1273 liquit?
1432 1239 1451 1276 5

175 1287 383 1355 Nemowut
411 1285 557 1335 opinor,
587 1286 656 1325 erit
683 1286 832 1325 mortali
860 1299 1020 1336 corpore
1048 1295 1180 1326 cretus.

175 1351 276 1388 Nam
304 1362 348 1393 Sl,
377 1355 418 1386 ut
444 1348 525 1397 ipsa
552 1349 646 1397 petit
674 1349 851 1387 maiestas
879 1350 1032 1403 c-oQita
1060 1363 1193 1397 rerum,
1317 1341 1621 1418 ΜΨ

175 1413 392 1450 Dicendum
421 1419 486 1459 est,
519 1413 612 1449 deus
640 1413 702 1450 llle
729 1413 809 1458 fult,
840 1413 944 1458 deus,
974 1414 1113 1462 inclyte
1143 1415 1314 1461 Memmi,

110 1505 118 1510 .
174 1474 249 1523 Qui
276 1474 451 1523 princeps
478 1474 578 1512 vitae
605 1474 789 1524 rafionem
818 1474 960 1513 invenit
988 1488 1072 1513 eam
1100 1489 1197 1524 quae

173 1539 286 1575 Nunc
314 1539 523 1587 appellatur
551 1538 748 1586 sapientia,
779 1537 921 1587 quique
949 1551 1016 1587 per
1043 1546 1161 1576 artem
1410 1555 1452 1578 10

173 1601 365 1639 Fluctibus
393 1613 414 1638 e
441 1600 555 1638 tantis
582 1600 699 1638 vitam
727 1601 918 1649 tantisque
946 1600 1110 1639 tenebris

174 1664 220 1699 In
247 1669 325 1699 tam
353 1662 556 1710 tranquillo
584 1654 621 1700 et
649 1669 726 1700 tam
755 1663 855 1700 clara
881 1664 966 1700 luce
993 1662 1144 1701 locavit.

172 1726 314 1764 Confer
341 1725 443 1763 enim
471 1725 599 1763 divina
625 1725 786 1763 aliorum
813 1724 970 1773 antiqua
996 1733 1167 1775 reperta3

172 1789 350 1841 Namque
380 1789 495 1827 Ceres
524 1788 639 1825 fertur
666 1789 801 1851 fruges
818 1787 1007 1837 Liberque
1034 1788 1189 1858 liquoris

171 1849 338 1899 vitigeni
365 1850 517 1888 laticem
545 1828 801 1889 mortalibus
795 1851 1025 1909 instituisse‚·
1041 1838 1393 1882 mma
1409 1866 1449 1902 15

173 1914 272 1951 Cum
300 1920 428 1952 tamen
455 1913 512 1951 his
540 1922 669 1963 posset
697 1914 778 1953 sine
805 1916 918 1953 rebus
946 1915 1023 1954 vita
1050 1929 1215 1974 manere,
1388 1921 1564 1969 Q-

172 1976 228 2014 Ut
254 1977 354 2014 sama
381 1984 439 2014 est
466 1976 608 2026 aliquas
636 1978 751 2016 etiarn
778 1991 881 2016 nunc
908 1978 1032 2017 vivere
1059 1986 1201 2028 gentes.

171 2038 222 2075 At
250 2038 350 2076 bene
377 2051 456 2076 non
483 2047 631 2088 poterat
659 2040 740 2078 sine
768 2053 863 2089 pujo
890 2048 1045 2092 pectore
1072 2041 1146 2079 vivi
1159 2055 1170 2088 3
1303 2051 1426 2092 3220„
1442 2045 1579 2098 W.

172 2099 261 2147 Quo
288 2099 406 2150 magis
433 2100 496 2139 hic
522 2101 656 2140 merito
682 2103 794 2141 nobis
821 2103 916 2141 deus
936 2116 1019 2141 esse
1046 2103 1204 2150 videtur,
1339 2097 1367 2105 ‘

173 2161 231 2199 Ex
259 2174 336 2210 quo
362 2175 464 2201 nunc
493 2164 616 2203 etiam·
634 2177 703 2214 per
729 2178 886 2215 magnas
916 2165 1035 2225 (li—(fita
1062 2173 1194 2214 gentes
1405 2153 1663 2205 zofflss-ffls
