1554 2459
493 83 675 120 LIBER
716 81 750 128 Q
760 82 983 119 UINTUS.

100 167 346 213 Consimilem
374 180 580 216 cursusque
608 167 707 205 viam
735 167 807 204 sub
835 167 915 204 sole
943 173 1081 205 tenere.
1083 180 1143 219 s

100 231 167 268 Est
195 230 308 268 etiam
337 242 452 278 quare
479 228 631 278 proprio
659 241 746 265 cum
774 228 916 265 lumine
944 228 1063 276 possit

98 291 252 329 Volvier
279 298 315 328 et
342 291 461 328 varias
490 289 701 338 splendoris
729 290 888 327 reddere
916 290 1063 327 formas.

99 355 246 402 Corpus
274 354 374 391 enim
402 354 489 391 licet
517 366 598 391 esse
625 352 729 390 aliud
756 354 861 401 quod
889 353 1003 390 fertur
1031 360 1068 390 et
1095 365 1170 389 una

100 416 255 454 Labitur
281 416 513 454 omnimodis
541 428 741 453 occursans
771 414 1015 462 officiensque

97 480 181 516 Nec
208 478 308 526 potis
337 485 392 516 est
420 477 533 524 cerni,
563 477 651 525 quia
678 490 827 514 cassum
854 478 996 514 lumine
1023 477 1145 514 fertur.

97 541 320 589 Versarique
347 548 482 590 potest,
511 542 646 589 globus
675 548 727 585 ut,
757 540 786 577 si
816 542 922 586 forte,
953 539 1042 588 pilai

98 603 266 641 Dimidia
293 616 339 640 ex
366 603 463 651 parti
491 602 670 640 candenti
699 602 839 640 lumine
868 602 1018 647 tinctus,

96 668 372 714 Versandoque
400 667 556 714 globum
583 666 768 702 variantes
798 667 910 702 edere
939 666 1088 709 formas,

97 729 276 779 Donique
303 744 386 768 eam
413 737 569 779 partem,
599 741 861 777 quaecumque
889 735 944 765 est
972 728 1121 776 ignibus
1149 735 1268 773 aucta,

97 795 156 830 Ad
185 793 351 842 speciem
379 793 488 830 vertit
515 793 625 830 nobis
654 792 861 839 oculosque
888 797 1083 839 patentes;

98 857 196 893 Inde
223 855 436 892 minutatim
465 862 562 892 retro
591 861 817 901 contorquet
846 860 882 890 et
911 854 1030 890 aufert

99 919 308 955 Luciferam
337 925 483 966 partem
511 916 790 966 glomeraminis
820 922 933 963 atque
961 914 1073 963 pilai;

97 982 152 1018 Ut
180 981 410 1029 Babylonica
440 981 675 1017 Chaldaeum
705 979 877 1015 doctrina
904 978 1070 1014 refutans

96 1044 380 1091 Astrologorum
409 1049 527 1078 artem
556 1048 687 1078 contra
715 1040 938 1077 convincere
966 1039 1098 1084 tendit,

96 1106 259 1143 Proinde
287 1106 390 1153 quasi
420 1105 458 1142 id
486 1104 564 1142 fieri
591 1111 756 1152 nequeat
785 1104 888 1151 quod
917 1110 1060 1151 pugnat
1089 1109 1245 1152 uterque

96 1172 173 1207 Aut
200 1169 323 1206 minus
351 1169 426 1205 hoc
453 1168 517 1204 illo
546 1167 592 1204 sit
621 1180 686 1204 cur
715 1165 932 1214 amplectier
961 1166 1070 1202 ausis.

98 1232 271 1281 Denique
299 1244 365 1268 cur
392 1238 557 1278 nequeat
585 1242 734 1277 semper
763 1242 860 1266 nova
888 1229 978 1264 luna
1006 1228 1121 1266 creari

97 1294 238 1333 Ordine
266 1296 467 1332 formarum
497 1301 600 1330 certo
628 1293 815 1340 certisque
842 1291 968 1340 figuris

100 1360 221 1407 Inque
251 1358 332 1395 dies
360 1357 485 1406 privos
513 1356 674 1394 aborisci
702 1368 876 1404 quaeque
905 1362 1029 1392 creata

97 1424 222 1469 Atque
249 1421 321 1457 alia
348 1420 447 1457 illius
474 1419 635 1468 reparari
663 1419 701 1455 in
730 1426 834 1466 parte
862 1420 1035 1466 locoque,

97 1483 295 1520 Difficilest
322 1483 466 1519 ratione
495 1483 631 1519 docere
660 1488 697 1518 et
724 1482 873 1518 vincere
901 1480 1036 1525 verbis,

97 1545 239 1585 Ordine
267 1558 352 1581 cum
381 1544 528 1593 possint
558 1552 633 1580 tam
663 1551 765 1580 certo
794 1544 912 1579 multa
939 1541 1064 1579 creari.

98 1610 133 1645 It
162 1621 226 1644 ver
253 1615 290 1644 et
317 1609 458 1653 Venus,
489 1615 526 1645 et
554 1607 712 1644 Veneris
740 1606 988 1654 praenuntius
1016 1613 1103 1642 ante

98 1671 288 1707 Pennatus
316 1670 492 1718 graditur,
522 1669 675 1718 zephyri
704 1668 860 1717 vestigia
887 1676 1042 1716 propter

97 1734 209 1770 Flora
236 1733 372 1781 quibus
401 1742 519 1770 mater
546 1744 817 1781 praespargens
845 1739 932 1769 ante
961 1731 1033 1768 viai

98 1797 245 1833 Cuncta
272 1795 459 1833 coloribus
490 1795 645 1843 egregiis
674 1801 711 1832 et
739 1793 919 1832 odoribus
948 1795 1091 1842 opplet.

98 1859 194 1896 Inde
222 1858 295 1895 loci
324 1858 491 1906 sequitur
519 1858 620 1895 calor
648 1857 773 1894 aridus
801 1864 838 1894 et
865 1869 994 1894 comes
1023 1869 1098 1893 una

98 1922 363 1959 Pulverulenta
392 1923 507 1960 Ceres
536 1928 573 1958 et
601 1921 716 1958 etesia
745 1921 860 1957 flabra
888 1920 1122 1968 aquilonum.

98 1985 195 2021 Inde
222 1991 423 2021 autumnus
451 1984 541 2029 adit,
568 1983 734 2031 graditur
761 1983 871 2020 simul
900 1982 1046 2019 Euhius
1078 1984 1193 2020 Euan.

99 2047 195 2083 Inde
222 2045 317 2083 aliae
345 2053 587 2094 tempestates
615 2044 793 2093 ventique
823 2052 1040 2093 sequuntur,

96 2111 312 2148 Altitonans
338 2111 545 2147 Volturnus
574 2117 611 2147 et
638 2118 765 2147 auster
791 2110 948 2147 fulmine
976 2110 1132 2157 pollens.

98 2172 273 2209 Tandem
302 2171 434 2208 bruma
463 2172 566 2209 nives
595 2172 714 2208 adfert
742 2172 967 2219 pigrumque
994 2170 1152 2219 rigorem

1328 94 1374 130 23

1303 239 1372 276 715

1303 551 1374 586 720

1302 863 1371 900 725

1301 1175 1374 1213 730

1302 1491 1372 1528 735

1305 1805 1375 1841 740

1303 2120 1373 2157 745
