1675 2479
0 724 1 766 ῑ
16 733 75 763 ς.»

0 1586 8 1658 Qum-u„
4 1533 6 1545 >
4 1499 5 1518 Η
0 1384 8 1484 ,.,Ὓ-,.

0 2001 11 2023 :-
0 1894 11 1956 ζπῑ,

196 48 242 114 eo
528 78 614 113 DE
649 78 860 114 RERUM
888 77 1127 114 NATURA

177 150 387 196 ¹Brumales
415 161 527 197 adeat
554 161 671 197 flexus
699 169 812 208 atque
839 160 928 212 inde
956 169 1143 198 revertens

91 730 119 750 j
171 720 175 731 Δ

64 768 201 807 „em—{clm

253 208 320 220 ψ

195 222 331 259 Cancri
360 235 399 259 se
428 230 466 259 ut
494 229 612 259 vertat
640 230 760 275 metas
787 223 836 259 ad
865 222 1092 269 solstitiales,

195 286 378 333 Lunaque
406 285 599 333 mensibus
627 285 665 322 id
694 285 857 334 spatium
884 285 1055 322 videatur
1069 278 1198 342 obire,

193 349 331 384 Annua
358 348 414 384 sol
441 347 479 384 in
507 360 589 401 quo
611 347 802 385 consumit
829 355 1003 397 tempora
1030 362 1149 407 cursu.

195 410 296 455 Non,
326 410 490 458 inquam,
520 411 677 458 simplex
704 411 763 448 his
790 412 902 448 rebus
930 412 1076 449 reddita
1104 421 1265 451 causast
1397 418 1471 451 620

196 474 294 510 Nam
324 473 401 510 fieri
428 474 488 525 vel
516 486 601 510 cum
629 473 757 526 primis
785 474 823 511 id
853 487 965 522 posse
992 474 1150 522 videtur,

197 535 405 572 Democriti
435 524 537 583 qiiod
567 544 699 573 sancta
724 536 792 574 viri
821 537 1009 574 sententia
1036 537 1153 591 p‘o-nit,

197 599 352 646 Quanto
380 611 556 647 quaeque
585 599 701 648 magis
731 599 804 636 sint
833 607 969 637 terram
998 599 1121 649 sidera
1144 608 1313 649 propter,

198 663 323 699 Tanto
352 650 464 710 posse
492 661 616 698 minus
646 675 730 698 cum
760 662 855 699 caeli
884 650 1033 703 turbffie
1062 662 1154 701 seiri.

172 725 433 762 Evanescere
463 724 562 762 enim
592 724 740 773 rapidas
769 725 866 761 illius
894 732 931 762 et
959 738 1062 762 acres
1400 727 1471 773 625

198 787 377 833 Immjnui
405 789 533 824 subter
560 787 668 834 vires,
698 787 861 836 ideoque
889 775 1048 839 relinqui

200 848 383 886 Paulatim
413 851 531 886 solem
561 863 644 887 cum
674 849 937 908 posterioribu’
966 850 1090 898 signis,

200 911 359 949 Inferior
385 912 506 949 multo
535 913 639 960 quod
669 912 715 949 sit
743 924 858 960 quam
885 912 1028 949 fervida
1053 912 1167 962 signa.

0 1014 59 1051 ἀλ
3 970 250 1057 '‘civ-Et
278 975 395 1023 magis
424 977 497 1012 hoe
526 977 677 1013 lunam:
713 983 857 1023 quanto
886 976 1086 1013 demissior
1113 976 1192 1013 eius

64 1032 102 1054 Cf

945 1023 1013 1037 2..-

200 1040 342 1077 Cursus
369 1040 476 1075 abest
503 1039 633 1086 procul
662 1051 683 1074 a
711 1039 817 1075 caelo
847 1038 1027 1086 terrisque
1054 1038 1295 1087 propinquat,
1404 1041 1478 1086 630

199 1102 325 1138 Tanto
353 1113 466 1149 posse
494 1101 617 1138 minus
646 1114 733 1138 cum
763 1101 876 1150 signis
905 1103 1060 1157 ten-Qe
1088 1114 1248 1156 Ἠῶ.

200 1163 433 1217 ΡΙειςΞί-ὀίοῑε
461 1164 601 1200 etenim
630 1171 775 1212 quanto
804 1165 877 1200 iam
908 1164 1056 1202 turbine
1084 1166 1198 1201 fertur

202 1225 360 1262 Inferior
387 1239 499 1274 quam
530 1227 597 1270 sol,
628 1233 733 1263 tanto
761 1226 878 1275 magis
907 1227 1035 1264 omnia
1063 1226 1192 1275 signa-

204 1286 610 1341 Hanc‘adipifflntur
637 1288 777 1325 circum
807 1296 1029 1337 praeterque
1057 1290 1234 1326 feruntur.

196 1353 406 1398 Propterea
434 1352 474 1386 fit
503 1357 542 1387 ut
570 1351 664 1388 haec
692 1352 741 1387 ad
769 1351 916 1399 signum
946 1352 1125 1399 quodque
1154 1351 1286 1388 reverti
1407 1352 1477 1398 635

205 1412 388 1450 Mobilius
417 1413 597 1466 videatur
627 1414 675 1450 ad
704 1414 804 1450 hanc
832 1413 919 1460 quia
947 1413 1054 1462 signa
1080 1413 1254 1450 revisunt

203 1475 262 1512 Fit
289 1488 443 1523 quoque
471 1483 512 1528 ut
541 1489 561 1513 e
588 1475 721 1517 mundi
736 1465 968 1519 'transversis
997 1477 1166 1524 paitibus
1195 1488 1258 1513 aer

201 1524 365 1575 Alternis
393 1545 497 1575 certo
525 1538 639 1574 fluere
667 1539 760 1575 alter
788 1545 959 1586 tempore
989 1539 1116 1606 possit,

203 1599 277 1648 Qui
305 1607 418 1648 queat
445 1599 595 1637 aestivis
624 1602 743 1637 solem
773 1601 974 1637 detrudere
1004 1600 1118 1649 signis

203 1664 399 1701 Brumales
427 1675 547 1710 usque
576 1664 625 1699 ad
654 1664 769 1700 flexus
796 1664 1039 1711 gelidumque
1067 1662 1240 1711 rigorem,
1408 1665 1481 1708 640

203 1728 254 1764 Et
280 1725 345 1774 qui
373 1725 500 1762 reiciat
527 1726 659 1774 gelidis
686 1739 708 1762 a
735 1725 877 1774 frigoris
906 1725 1048 1762 umbris

203 1788 406 1826 Aestiferas
434 1799 555 1834 usque
583 1787 621 1824 in
650 1792 775 1836 partes
803 1795 840 1825 et
868 1788 1010 1825 fervida
1037 1787 1152 1836 signa.

204 1851 254 1889 Et
281 1850 426 1887 ratione
454 1851 531 1900 pari
561 1851 689 1887 lunam
717 1852 920 1897 stellasque
949 1851 1207 1899 putandumst,

206 1913 315 1959 Quae
342 1913 498 1949 volvunt
526 1925 684 1961 magnos
712 1912 751 1949 in
781 1912 926 1960 magnis
956 1912 1111 1968 Orbsslgus
1138 1925 1270 1959 annos,

204 1975 366 2013 Aeribus
393 1987 504 2022 posse
532 1975 685 2012 alternis
712 1988 733 2013 e
761 1975 929 2023 partibus
956 1975 1018 2012 ire.
1409 1978 1480 2026 645

207 2028 348 2075 Nonne
374 2037 480 2074 vides
507 2037 620 2074 etiam
650 2037 805 2093 digejsis
833 2037 962 2074 nubila
989 2037 1110 2074 ventis

208 2099 384 2137 Diversas
410 2098 463 2136 ire
490 2099 528 2135 in
557 2106 681 2146 partes
708 2099 855 2157 inferna
883 2098 1083 2148 supernis?

211 2163 285 2210 Qui
316 2162 438 2198 minus
467 2161 529 2198 illa
556 2169 695 2209 queant
723 2151 796 2210 pe?
816 2174 973 2210 magnos
1001 2161 1160 2199 aetheris
1186 2162 1295 2200 orbes
