1630 2479
574 80 755 116 LIBER
795 80 830 126 Q
837 79 1061 115 UJNTUS.
1403 91 1421 114 2
1430 91 1446 115 1

175 160 354 199 Aestibus
381 159 478 196 inter
505 172 545 196 se
571 159 728 196 diversis
750 159 879 208 'sidera
905 158 1017 195 ferri?

225 225 277 259 At
303 234 379 258 nox
406 220 529 258 obruit
556 219 700 268 ingenti
727 219 887 268 cai-igine
914 227 1040 265 terras,
1376 221 1449 268 650

16 284 131 336 Q.
173 285 250 320 Aut
277 283 342 320 ubi
369 283 418 337 dg
445 283 560 330 longo
588 294 698 319 cursu
726 282 782 318 sol
810 282 943 325 ultima
970 281 1064 327 caeli

153 346 330 404 *Im-pplit
356 353 471 393 atque
499 358 586 382 suos
614 344 751 397 erit
780 345 979 400 larguidus
1007 344 1112 393 ignes

175 408 391 446 Concussos
419 407 509 459 ige-re
537 415 575 444 et
602 408 808 453 labefactos
837 420 922 444 aere
949 408 1080 453 multo,

174 474 251 509 Aut
277 472 365 520 quia
393 473 463 508 sub
492 478 608 508 terras
635 483 786 507 cursum
814 477 1032 507 convertere
1061 470 1161 519 cogit

173 532 242 569 Vis
269 534 414 578 eadem,
445 545 556 581 supra
583 545 680 579 quae
709 538 823 568 terras
851 531 1001 578 pertulit
1030 532 1169 581 orbem.
1377 533 1448 579 655

224 597 414 644 Tempore
442 595 532 632 item
560 602 663 631 certo
692 607 839 631 roseam
870 596 1020 630 Matuta
1047 606 1114 642 per
1141 606 1223 645 ogas

174 658 347 695 Aetheris
373 671 544 710 aur-oram
573 658 695 694 differt
723 664 760 694 et
787 657 929 693 lumina
957 657 1099 707 pffidit,

174 723 251 757 Aut
279 720 367 768 quia
393 722 450 758 sol
477 721 589 766 idem,
623 721 692 756 sub
721 727 836 757 terras
863 719 925 756 ille
953 726 1153 763 revertens,

174 783 367 831 Anticipat
394 784 541 819 caelum
569 782 680 818 radiis
709 782 918 818 accendere
945 787 1146 833 temptans,

174 847 251 883 Aut
278 845 366 893 quia
394 845 626 882 conveniunt
655 845 759 893 ignes
788 852 823 881 et
854 843 998 880 semina
1026 844 1145 879 multa
1377 843 1451 878 660

137 944 147 954 ⁴,
176 909 377 946 Confluere
405 908 547 945 ardoris
576 914 806 945 consuerunt
834 915 1004 954 tempore
1032 913 1146 950 certo,

12 971 94 1001 &22⁸²ss
176 971 284 1018 Quae
310 971 452 1021 fagiunt
481 971 569 1007 solis
596 983 696 1007 nova
723 981 872 1016 semper
899 968 1045 1004 lumina
1071 967 1196 1016 gigni;

176 1033 291 1083 Qu-o-c}
317 1044 436 1085 ge—n-us
465 1032 590 1068 Idaeis
618 1033 719 1068 fama
747 1038 804 1067 est
832 1043 852 1067 e
880 1031 1075 1067 montibus
1102 1029 1185 1067 altis

176 1095 376 1143 Dispersos
404 1095 508 1142 ignes
536 1094 669 1148 orienti
699 1094 841 1151 lumine
869 1093 981 1137 cerni,

11 1145 101 1188 2⁴4&-
177 1158 274 1207 Iri—de
296 1156 397 1194 coire
419 1157 573 1206 globum
599 1155 707 1202 quasi
732 1155 770 1191 in
793 1168 910 1191 unum
934 1163 970 1191 et
995 1156 1181 1207 conficere
1206 1157 1346 1192 orbem.
1378 1157 1449 1202 665

177 1221 260 1257 Nec
287 1227 414 1257 tamen
440 1219 533 1256 illud
560 1218 599 1255 in
627 1218 683 1255 his
712 1219 822 1255 rebus
850 1217 1020 1255 mirabile
1047 1219 1162 1255 debet

176 1283 281 1327 Esse,
310 1282 415 1329 quod
443 1282 537 1318 haec
564 1280 659 1328 ignis
689 1287 766 1316 tam
795 1287 898 1317 certo
926 1287 1095 1328 tempore
1123 1288 1281 1328 possunt

177 1345 329 1382 Semina
355 1345 545 1381 confluere
573 1351 610 1381 et
638 1345 726 1380 solis
755 1355 927 1391 reparare
955 1343 1127 1381 nitorem.

178 1409 301 1444 Multa
326 1407 496 1444 videmus
525 1408 637 1452 enim,
667 1414 769 1443 certo
797 1396 895 1454 quae
922 1413 1092 1454 tempore
1119 1407 1213 1444 fiunt

178 1469 365 1509 Omnibus
392 1470 429 1506 in
457 1471 579 1507 rebus.
636 1471 858 1507 Florescunt
887 1477 1056 1517 tempore
1085 1477 1187 1507 certo
1377 1472 1452 1517 670

10 1525 108 1570 ἶι-εω.
177 1534 340 1589 Arbgsta
367 1541 404 1570 et
432 1540 534 1570 certo
552 1523 757 1586 *dinQint
787 1541 957 1581 ternpore
986 1533 1128 1570 florem.

178 1598 261 1634 Nec
288 1595 410 1633 minus
438 1596 476 1632 in
504 1604 608 1633 certo
637 1597 771 1633 dentes
800 1597 935 1633 cadere
964 1596 1122 1644 imperat
1150 1604 1252 1634 aetas

177 1660 367 1707 Tempore
395 1666 431 1695 et
459 1659 656 1713 irQem
685 1658 790 1696 molii
818 1660 1027 1706 pubescere
1054 1667 1158 1696 veste

178 1721 226 1757 Et
253 1720 388 1771 pah-riter
415 1720 704 1772 mollem'm-a-lss
733 1721 932 1758 demittere
958 1722 1124 1758 barbam.

177 1783 350 1821 Fulmina
377 1791 567 1831 postremo
595 1783 659 1819 nix
686 1782 824 1820 imbres
853 1783 982 1819 nubila
1008 1783 1110 1820 venti
1380 1785 1451 1832 675

178 1847 269 1884 Non
295 1845 406 1883 nimis
433 1845 583 1883 incertis
612 1847 706 1882 fiunt
734 1846 773 1882 in
801 1846 969 1902 partibus
996 1846 1096 1883 anni.

179 1895 353 1956 Namque
381 1908 444 1945 ubi
473 1908 526 1945 sic
552 1909 702 1959 fuerunt
730 1920 927 1944 causarum
957 1907 1110 1944 exordia
1137 1907 1269 1956 prima,

178 1973 304 2019 Atque
331 1969 382 2007 ita
408 1983 466 2007 res
495 1965 627 2008 mundi
653 1956 823 2008 cecidere
852 1972 901 2007 ab
929 1970 1072 2018 origine
1099 1970 1256 2018 prima

179 2033 383 2082 Consque
410 2044 562 2080 quoque
590 2031 665 2069 iam
693 2033 853 2068 redeunt
881 2043 928 2068 ex
955 2031 1089 2068 ordine
1117 2039 1230 2069 certo.

231 2095 408 2133 Crescere
435 2094 603 2141 itemque
630 2094 711 2132 dies
738 2094 825 2131 licet
853 2101 890 2131 et
918 2095 1112 2131 tabescere
1139 2101 1282 2139 noctes,
1380 2095 1454 2131 680

180 2157 230 2193 Et
255 2156 376 2192 minui
402 2157 504 2193 luces
533 2169 620 2194 cum
648 2164 800 2193 sumant
826 2155 1004 2204 augmina
1031 2164 1174 2203 nocteS,
