1665 2479
224 91 268 126 16
554 90 640 126 DE
674 90 795 126 RER
804 91 897 127 UM
922 92 1003 128 NA
1014 93 1164 130 TURA

219 171 387 223 Suc‘cidit
414 179 452 210 et
479 173 579 210 salso
607 172 760 210 suffudit
787 175 934 222 gurgite
961 175 1090 212 fossas.

219 234 344 281 Inque
371 233 453 271 dies
480 241 625 282 quanto
653 234 795 272 circum
823 236 941 284 magis
968 237 1129 275 aetheris
1156 240 1283 277 aestus

218 297 269 333 Et
295 296 390 334 radii
418 297 507 334 solis
535 299 723 345 cogebant
750 298 919 346 undique
947 306 1081 336 terram
1183 285 1217 296 l

217 358 447 396 Verberibus
475 360 613 397 crebris
640 368 807 398 extrema
834 363 883 399 ad
910 362 1042 415 limina
1070 363 1107 399 in
1136 370 1268 410 artum,

219 421 266 457 In
294 422 423 459 medio
450 430 492 459 ut
519 425 700 471 propulsa
729 437 797 461 suo
826 426 1022 475 condensa
1049 427 1177 472 coiret,

218 485 315 521 Tam
344 485 462 533 magis
490 498 687 534 expressus
715 489 834 524 salsus
861 489 909 526 de
937 501 1095 537 corpore
1122 486 1238 526 su'dor

218 549 393 595 Augebat
421 560 523 586 mare
550 550 744 586 manando
772 563 1007 599 camposque
1036 558 1222 607 natanteS‚

216 612 266 646 Et
294 617 400 647 tanto
428 611 546 659 magis
573 611 638 649 illa
664 613 763 649 foras
792 614 921 661 elapsa
947 615 1126 651 volabant

218 674 391 721 Corpora
417 675 537 710 multa
564 675 714 723 vaporis
741 683 779 712 et
807 675 903 712 aeris
931 677 1081 724 altaque
1109 677 1202 714 caeli

217 738 444 774 Densebant
471 729 607 785 procul
632 728 663 775 a*
682 739 786 775 terris
814 739 996 787 fulgentia
1024 742 1176 798 tegi-pla.

216 799 399 838 Sidebant
426 801 562 849 campi,
592 803 813 839 crescebant
840 803 1034 840 montibus
1063 802 1146 840 altis

216 864 434 908 Ascensus3
469 875 593 910 neque
622 863 722 900 enirn
751 871 926 911 poterant
954 865 1148 902 subsidere
1177 878 1264 902 saxa

217 926 302 961 Nec
328 925 466 972 pariter
493 927 719 963 tantundem
749 939 883 964 omnes
912 928 1160 965 succumbere
1187 936 1322 976 partes.

268 987 331 1025 Sic
357 987 468 1036 igitur
494 994 613 1025 terrae
641 997 821 1026 concreto
848 1003 1007 1038 corpore
1035 991 1186 1038 pondus

218 1050 398 1104 COR-ffltst
424 1058 540 1099 atque
568 1052 693 1088 omnis
722 1052 855 1089 mundi
883 1052 991 1101 quasi
1020 1053 1131 1102 limus
1158 1052 1197 1089 in
1225 1052 1341 1090 imum

218 1112 410 1151 Confluxit
436 1112 558 1167 gfflis
586 1121 623 1150 et
651 1114 822 1151 subsedit
849 1114 1019 1168 fUILQJS
1047 1122 1088 1152 ut
1116 1116 1223 1162 faex3

217 1177 316 1214 Inde
343 1189 445 1214 mare
473 1176 562 1213 inde
590 1189 654 1213 aer
680 1176 770 1214 inde
797 1178 927 1214 aether
955 1177 1087 1225 ignifer
1113 1178 1194 1226 ipse

218 1238 449 1287 Corporibus
477 1238 629 1287 liquidis
657 1246 743 1275 sunt
771 1239 900 1276 omnia
927 1252 1019 1287 pura
1046 1239 1185 1285 relicta,

216 1302 267 1338 Et
293 1300 433 1339 leviora
459 1299 539 1337 aliis
566 1300 650 1346 alia,
680 1308 717 1338 et
744 1300 1016 1349 liquidissimus
1044 1302 1175 1339 aether

216 1366 344 1412 Atque
371 1363 581 1401 levissimus
608 1363 727 1401 aerias
755 1376 868 1412 super
896 1364 1015 1401 influit
1043 1377 1163 1409 auras,

218 1427 303 1463 Nec
328 1426 513 1474 liquidum
541 1439 678 1474 corpus
706 1427 944 1484 ‘UsQibUS
972 1427 1067 1465 aeris
1095 1427 1192 1465 auris

218 1490 476 1538 Commiscet;
512 1490 601 1528 sinit
629 1492 723 1528 haec
751 1491 926 1529 violentis
954 1492 1083 1529 omnia
1108 1491 1201 1529 verti

216 1552 459 1610 Turbinibus,
489 1553 576 1590 sinit
603 1554 754 1607 incertis
783 1554 930 1592 turbare
957 1554 1142 1602 procellis,

218 1618 307 1664 Ipse
334 1629 423 1654 suos
449 1616 556 1665 ignes
582 1625 686 1654 certo
714 1618 783 1654 fert
810 1606 953 1672 impete
978 1617 1121 1654 labens.

218 1681 319 1716 Nam
347 1679 498 1727 modice
526 1681 640 1718 fluere
668 1688 782 1728 atque
811 1693 889 1718 uno
917 1693 1030 1728 posse
1057 1681 1209 1718 aethera
1235 1678 1319 1716 nisu

217 1741 409 1790 Significat
438 1744 592 1787 Pontos,
622 1755 724 1780 mare
752 1750 855 1798 certo
883 1743 988 1791 quod
1015 1742 1098 1779 fluit
1124 1749 1230 1779 aestu

218 1805 351 1842 Unum
378 1804 533 1842 labendi
560 1818 789 1842 conservans
816 1818 937 1853 usque
964 1813 1145 1842 tenorem.

270 1866 444 1904 Motibus
473 1875 657 1905 astrorum
686 1879 791 1904 nunc
818 1880 917 1915 quae
946 1867 992 1904 sit
1019 1879 1133 1904 causa
1159 1878 1350 1904 canamus.

219 1927 408 1976 Principio
436 1942 593 1977 magnus
621 1928 716 1967 caeli
745 1928 776 1966 si
802 1930 957 1967 vertitur
984 1928 1095 1973 orbis,

219 1993 277 2029 Ex
303 1999 461 2040 utraque
488 1994 619 2041 polum
648 1992 745 2040 parti
771 2005 944 2041 premere
971 2005 1057 2030 aera
1084 1990 1196 2029 nobis

219 2053 436 2091 Dicendum
465 2061 521 2092 est
549 2062 728 2111 extraque
757 2061 887 2105 tenere
914 2062 952 2092 et
980 2055 1155 2091 claudere
1182 2051 1395 2102 utri-mque3

97 2139 102 2150 .
127 2136 156 2154 .·'.
219 2116 318 2153 Inde
344 2114 459 2152 alium
488 2129 599 2164 supra
627 2117 743 2154 fluere
770 2123 884 2164 atque
910 2115 1108 2163 intendere
1135 2115 1271 2152 eodem

219 2175 309 2224 Quo
336 2177 525 2215 volvenda
551 2177 694 2215 micant
721 2177 864 2216 aeterni
891 2177 1013 2215 sidera
1039 2176 1195 2222 mundi,-

1423 690 1496 726 490

1422 1003 1494 1039 495

1423 1313 1496 1351 500

1422 1595 1493 1666 5225

1422 1940 1495 1977 510
