1554 2459
502 69 682 106 LIBER
723 69 758 116 Q
766 70 990 107 UINTUS.

104 155 217 198 Arva,
245 164 347 189 novo
373 153 452 190 fetu
480 151 573 199 quid
600 150 764 199 primum
792 151 830 188 in
859 151 1010 188 luminis
1039 165 1121 190 oras

103 215 254 252 Tollere
282 221 319 250 et
346 213 497 250 incertis
525 213 662 250 crerint
690 212 926 250 committere
953 214 1086 252 ventis.

155 276 343 325 Principio
370 289 487 324 genus
515 277 712 313 herbarum
742 275 976 324 viridemque
1004 276 1164 315 nitorem

103 339 220 376 Terra
247 338 353 376 dedit
379 338 521 375 circum
548 340 664 375 colles
692 351 924 386 camposque
951 351 1018 387 per
1045 351 1177 377 omnes
1190 354 1199 386 5

104 400 256 439 Florida
282 402 464 438 fulserunt
491 400 666 438 viridanti
695 409 802 449 prata
830 402 967 446 colore,

102 463 386 511 Arboribusque
412 464 580 500 datumst
607 462 715 499 variis
743 462 880 499 exinde
908 475 974 510 per
1000 475 1109 500 auras

104 526 309 564 Crescendi
337 538 515 574 magnum
543 525 706 563 inmissis
734 532 925 563 certamen
953 526 1123 563 habenis.

104 589 159 625 Ut
186 590 316 637 pluma
342 596 456 636 atque
483 587 549 636 pili
576 587 738 636 primum
768 595 970 636 saetaeque
999 596 1172 626 creantur

105 650 392 698 Quadripedum
420 650 598 687 membris
626 657 664 686 ct
691 662 848 698 corpore
879 651 1206 698 pennipotentum,

104 714 165 751 Sic
192 727 290 751 nova
318 722 397 751 tum
426 715 535 751 tellus
563 714 698 750 herbas
726 714 960 761 virgultaque
990 713 1151 762 primum
1178 727 1181 728 ⁷

103 775 267 822 Sustulit,
297 775 386 813 inde
413 775 488 813 loci
515 775 688 813 mortalia
715 777 838 813 saecla
865 776 1004 814 creavit

104 841 228 876 Multa
255 839 378 876 modis
406 839 532 876 multis
561 839 662 876 varia
689 839 833 876 ratione
862 848 1001 876 coorta.

104 904 204 939 Nam
233 915 356 950 neque
383 903 431 939 de
459 903 566 939 caelo
594 902 775 939 cecidisse
803 902 980 939 animalia
1008 911 1167 951 possunt

105 967 188 1003 Nec
214 965 400 1002 terrestria
426 966 475 1002 de
502 965 608 1002 salsis
636 965 755 1002 exisse
783 965 936 1002 lacunis.

104 1027 302 1075 Linquitur
329 1034 370 1063 ut
397 1026 530 1064 merito
559 1033 769 1063 maternum
799 1039 939 1064 nomen
968 1028 1107 1075 adepta

104 1091 219 1127 Terra
247 1089 303 1134 sit,
333 1101 353 1125 e
382 1095 478 1125 terra
505 1087 685 1136 quoniam
714 1096 802 1125 sunt
830 1096 968 1126 cuncta
996 1097 1129 1128 creata.

106 1153 304 1199 Multaque
333 1164 434 1187 nunc
461 1150 573 1187 etiam
602 1150 764 1187 existunt
791 1150 968 1187 animalia
997 1151 1100 1188 terris

105 1214 292 1252 Imbribus
321 1222 357 1251 et
385 1213 508 1251 calido
537 1213 624 1251 solis
652 1221 830 1251 concreta
857 1227 1020 1262 vapore;

105 1279 192 1325 Quo
221 1277 345 1314 minus
373 1284 429 1313 est
456 1275 591 1312 mirum
620 1275 650 1312 si
679 1283 758 1312 tum
787 1282 874 1312 sunt
902 1277 1008 1324 plura
1037 1284 1167 1313 coorta

105 1342 154 1378 Et
181 1340 332 1384 maiora,
362 1352 459 1376 nova
487 1341 619 1376 tellure
646 1347 761 1387 atque
789 1341 940 1377 aethere
969 1341 1107 1377 adulta.

105 1402 294 1451 Principio
322 1415 440 1451 genus
467 1403 624 1439 alituum
652 1402 851 1451 variaeque
879 1404 1049 1440 volucres

104 1467 188 1504 Ova
215 1466 477 1513 relinquebant
504 1466 674 1502 exclusae
703 1472 874 1513 tempore
901 1478 1029 1511 verno,

104 1528 308 1566 Folliculos
335 1535 376 1565 ut
402 1541 505 1564 nunc
532 1535 668 1564 teretes
696 1534 839 1565 aestate
867 1526 1022 1564 cicadae

104 1591 300 1639 Linquunt
327 1598 461 1638 sponte
490 1603 557 1627 sua
583 1590 725 1627 victum
753 1590 944 1638 vitamque
972 1597 1153 1639 petentes.

103 1655 203 1691 Tum
231 1653 300 1691 tibi
328 1661 424 1690 terra
451 1653 557 1690 dedit
584 1653 747 1701 primum
776 1653 948 1689 mortalia
977 1655 1110 1690 saecla.

105 1718 249 1755 Multus
276 1716 377 1754 enim
405 1717 507 1753 calor
533 1723 646 1764 atque
675 1729 785 1753 umor
813 1717 1012 1764 superabat
1041 1716 1079 1752 in
1107 1716 1213 1753 arvis.

105 1782 195 1818 Hoc
221 1779 285 1817 ubi
312 1791 487 1827 quaeque
514 1779 587 1816 loci
614 1779 716 1826 regio
744 1786 958 1827 opportuna
985 1780 1155 1825 dabatur,

104 1842 336 1880 Crescebant
363 1840 459 1878 uteri
486 1848 620 1878 terram
648 1840 836 1877 radicibus
864 1839 942 1888 apti
956 1854 966 1886 3

103 1906 211 1953 Quos
238 1903 303 1941 ubi
330 1910 500 1951 tempore
527 1910 674 1939 maturo
703 1902 931 1950 patefecerat
959 1909 1083 1939 aestus

104 1968 296 2005 Infantum
323 1966 470 2014 fugiens
497 1978 667 2002 umorem
696 1977 881 2012 aurasque
909 1972 1116 2012 petessens,

103 2030 360 2068 Convertebat
387 2029 437 2066 ibi
465 2035 597 2066 natura
625 2028 808 2064 foramina
835 2035 955 2065 terrae

105 2094 154 2129 Et
180 2104 311 2128 sucum
338 2091 444 2128 venis
472 2092 632 2139 cogebat
659 2091 816 2127 fundere
844 2089 983 2138 apertis

105 2152 352 2192 Consimilem
381 2152 496 2200 lactis,
529 2151 624 2189 sicut
652 2163 753 2187 nunc
781 2150 921 2188 femina
949 2163 1122 2199 quaeque

1335 85 1379 123 25

1309 406 1379 452 785

1309 727 1381 763 790

1309 1038 1378 1075 795

1307 1343 1382 1376 800

1306 1655 1377 1702 805

1305 1967 1378 2002 810
