1645 2479
553 103 735 140 LIBER
776 104 1040 152 QUINTUS.
1388 115 1430 155 ις

37 185 98 214 θ’(
213 186 366 239 Quippe
393 187 534 236 etenim
562 187 724 235 primum
753 188 861 224 terrai
889 201 1049 236 corpora
1076 202 1261 238 quaeque,

162 238 365 297 Propterea
391 249 496 296 quod
523 256 627 285 erant
654 251 779 296 gravia
807 257 844 286 et
872 251 1061 298 perplexa,
1091 252 1245 289 coibant
1281 290 1284 293 ,
1360 266 1432 302 450

160 312 210 347 In
236 310 364 348 medio
391 317 505 359 atque
532 310 626 347 imas
654 310 855 359 capiebant
883 312 1012 348 omnia
1039 314 1172 361 sedes;

161 373 271 420 Quae
299 381 442 420 quanto
469 373 586 421 magis
614 373 710 410 inter
738 386 777 411 se
806 375 984 422 perplexa
1011 375 1177 420 coibant,

160 436 257 472 Tam
284 434 401 483 magis
428 447 642 482 expressere
668 448 713 473 ea
740 448 837 483 quae
866 449 967 473 mare
995 437 1117 474 sidera
1145 439 1261 475 solem

161 499 385 544 Lunamque
412 498 602 535 efficerent
630 506 667 535 et
694 498 822 546 magni
850 499 1002 536 moenia
1028 500 1170 543 mu-ndi.

161 561 301 598 Omnia
327 559 428 597 enim
456 560 574 608 magis
602 561 696 597 haec
724 573 744 598 e
772 552 916 598 levibus
944 569 1058 609 atque
1086 563 1256 599 rotundis
1361 577 1380 608 4
1390 577 1406 611 5
1415 577 1432 612 5

160 622 372 660 Seminibus
400 624 596 670 multoque
625 622 823 659 minoribu'
851 632 938 660 sunt
966 625 1162 661 elementis

161 686 287 732 Quam
315 686 435 722 tellus.
492 686 599 730 Ideo,
628 697 695 732 per
722 697 801 734 [ara
827 685 1024 732 foramina,
1053 692 1171 723 terrae

162 748 332 785 Partibus
360 761 559 796 erumpens
587 748 729 796 primus
757 761 797 785 se
826 750 973 785 sustulit
1000 750 1129 786 aether

162 811 301 860 Ignifer
328 820 364 849 et
392 813 530 849 multos
559 825 688 849 secum
717 812 808 849 levis
837 813 992 849 abstulit
1020 813 1143 860 ignes3

161 877 252 922 N-Qn
279 877 490 925 aliajlonge
518 875 663 913 ratione
691 889 736 912 ae
763 889 877 924 saepe
904 876 1087 921 videmus,
1363 880 1437 923 460

160 941 400 992 Aureaxcum
429 938 593 986 primum
620 946 856 986 gemmantes
883 951 964 975 rore
992 951 1060 987 per
1087 939 1221 975 herbas

161 995 352 1039 Matutina
380 1003 516 1039 rubent
542 1000 677 1038 radiati
704 1001 847 1038 lumina
875 1001 962 1038 solis

162 1066 422 1112 Exhalantque
450 1065 554 1100 lacus
581 1064 761 1100 nebulam
791 1063 969 1111 fluvjique
996 1076 1193 1111 perennes,

20 1139 67 1162 ors⁴
162 1129 327 1176 Ipsaque
354 1135 395 1179 ut
422 1127 612 1164 interdum
640 1128 749 1163 tellus
777 1127 921 1163 fumare
948 1126 1120 1173 videtum

161 1189 302 1227 Omnia
328 1202 426 1237 quae
453 1202 597 1239 sur-sym
627 1202 713 1226 cum
741 1188 999 1233 conciliantur,
1029 1189 1067 1225 in
1096 1191 1172 1226 alto
1364 1193 1436 1238 465

161 1252 330 1299 Corpore
358 1258 536 1288 concreto
564 1252 766 1288 subtexunt
794 1250 924 1288 nubila
951 1252 1110 1287 caelum.

160 1313 221 1350 Sic
247 1314 357 1363 igitur
384 1321 463 1351 tum
493 1327 533 1351 se
560 1314 652 1351 levis
680 1327 725 1351 ac
753 1314 924 1366 diffiisilis
953 1315 1083 1351 aether

161 1376 330 1424 Corpore
358 1385 536 1413 concreto
564 1376 818 1429 circumdatus
846 1376 1016 1423 undique
1044 1376 1144 1427 flffidt

162 1440 210 1475 Et
237 1439 313 1476 late
340 1438 495 1476 diffusus
524 1439 563 1475 in
591 1452 723 1476 omnes
752 1438 922 1486 undique
950 1447 1077 1486 pa—rtes

161 1502 302 1539 Omnia
329 1503 383 1539 sic
409 1502 522 1539 avido
549 1503 751 1550 complexu
779 1510 905 1539 cetera
932 1502 1082 1549 saepsit.
1365 1511 1439 1550 470

0 1552 43 1597 ,Ψ
80 1571 90 1594 ¹
161 1566 280 1614 Hunc
307 1565 461 1602 exordia
488 1574 574 1602 sunt
603 1565 692 1602 solis
719 1566 907 1612 lunaeque
935 1572 1075 1609 secuta,

161 1629 442 1675 Interutrasque
469 1627 572 1676 globi
599 1640 758 1676 quorum
787 1634 981 1664 vertuntur
1008 1627 1045 1663 in
1074 1627 1173 1664 auris
1188 1642 1198 1673 3

161 1690 270 1737 Quae
298 1702 423 1738 neque
450 1697 547 1727 terra
575 1689 645 1727 sibi
672 1688 830 1743 adscivit
859 1701 930 1725 nec
957 1688 1142 1726 maximus
1170 1690 1310 1735 aether,

161 1753 276 1801 Quod
303 1765 427 1801 neque
455 1761 531 1790 tarn
560 1754 709 1790 fuerunt
737 1752 863 1801 gravia
890 1760 932 1789 ut
960 1753 1139 1803 depressa
1168 1754 1355 1801 sederent,

160 1815 244 1852 Nee
270 1815 368 1852 levia
395 1822 436 1851 ut
463 1822 618 1863 possent
646 1827 713 1863 per
741 1826 908 1851 summas
936 1813 1054 1851 labier
1082 1827 1175 1859 oras,
1364 1826 1436 1863 475

160 1878 210 1915 Et
237 1884 366 1915 tamen
391 1877 666 1933 integi-lt—rasque
693 1878 744 1923 ita
771 1886 858 1915 sunt
886 1885 928 1916 ut
955 1890 1114 1926 corpora
1141 1877 1225 1915 viva

159 1939 322 1977 Versent
349 1947 386 1977 et
413 1948 536 1988 partes
564 1947 605 1991 ut
632 1940 765 1977 mundi
793 1939 907 1977 totius
936 1947 1087 1992 exj-enm

161 2002 421 2053 Qqu-gep-us,
447 2001 488 2038 in
514 2001 625 2039 nobis
653 2002 843 2050 quaedam
870 2002 958 2039 licet
985 2001 1025 2038 in
1052 2000 1214 2039 statione

161 2064 338 2102 Membra
364 2076 528 2110 manere,
557 2071 686 2101 tamen
713 2076 801 2100 cum
830 2063 904 2101 sint
931 2076 977 2101 ea
1003 2075 1102 2111 quae
1129 2071 1359 2100 moveantur.

162 2126 237 2163 His
263 2125 373 2175 igitur
398 2126 510 2164 rebus
537 2126 705 2163 retractis
733 2133 829 2163 terra
856 2133 1020 2173 repente‚
1363 2127 1438 2170 480

161 2189 344 2225 Maxuma
369 2199 444 2236 qua
470 2198 573 2224 nunc
600 2199 640 2224 se
667 2186 777 2235 ponti
803 2188 914 2244 plaga
941 2187 1089 2223 caerula
1116 2186 1247 2232 tendit,

268 2253 307 2280 D.
1299 2254 1322 2286 4
