1630 2469
175 92 221 127 26
507 88 594 124 DE
627 89 850 125 RERUM
878 88 1120 126 NATURA

172 174 269 211 Cum
296 170 453 220 peperit,
482 170 583 208 dulci
610 172 774 219 repletur
801 171 908 216 lacte,
939 171 1045 218 quod
1073 170 1196 209 omnis

172 236 345 282 Impetus
372 233 411 270 in
439 245 623 270 mammas
650 231 880 269 convertitur
906 232 969 269 ille
996 231 1178 270 alimenti.
1376 235 1448 282 815

171 297 287 334 Terra
314 296 442 333 cibum
469 296 605 344 pueris,
633 302 776 333 vestem
804 308 930 344 vapor,
960 297 1077 333 herba
1104 295 1227 333 cubile

172 360 385 396 Praebebat
413 360 531 395 multa
559 366 596 395 et
624 358 729 395 molli
756 358 933 406 lanugine
961 359 1169 396 abundans.

172 416 223 458 At
250 420 399 458 novitas
427 421 560 458 mundi
588 434 659 457 nec
687 419 823 469 frigora
850 421 943 457 dura
969 420 1094 458 ciebat

174 485 256 521 Nec
282 483 419 520 nimios
447 490 573 521 aestus
601 496 673 520 nec
700 485 845 532 magnis
872 483 1013 521 viribus
1041 497 1156 521 auras.

175 547 316 586 Omnia
343 547 443 584 enim
472 547 610 596 pariter
636 555 808 585 crescunt
837 555 874 585 et
901 549 1037 585 robora
1066 554 1227 584 sumunt.
1379 550 1453 584 820

225 611 351 657 Quare
379 609 493 647 etiam
522 618 637 658 atque
666 610 779 647 etiam
807 617 1020 647 maternum
1049 622 1189 647 nomen
1217 610 1355 658 adepta

174 675 291 710 Terra
317 681 422 710 tenet
449 673 591 718 merito,
621 674 801 722 quoniam
829 686 949 721 genus
976 672 1058 721 ipsa
1085 673 1224 710 creavit

176 738 399 774 Humanum
427 745 540 785 atque
567 737 705 774 animal
733 749 852 785 prope
880 744 982 774 certo
1011 744 1181 784 tempore
1208 735 1303 773 fudit

178 801 303 838 Omne
331 802 436 848 quod
463 800 502 837 in
531 800 675 848 magnis
703 801 908 838 bacchatur
936 800 1120 838 montibu'
1149 801 1299 849 passim,

176 864 384 912 Aeriasque
411 863 523 901 simul
550 865 721 901 volucres
749 864 972 901 variantibu’
1002 864 1140 902 formis.
1382 866 1426 899 82
1435 875 1452 911 5

177 927 252 964 Sed
280 926 368 974 quia
394 927 509 964 finem
537 926 703 974 aliquam
731 926 901 975 pariendi
931 927 1046 964 debet
1075 928 1224 973 habere,

179 988 345 1034 Destitit,
376 996 417 1025 ut
446 989 580 1026 mulier
607 989 731 1037 spatio
760 990 910 1026 defessa
935 996 1094 1026 vetusto.

180 1053 306 1088 Mutat
335 1050 437 1088 enim
466 1051 597 1087 mundi
628 1058 799 1088 naturam
828 1051 942 1088 totius
971 1058 1084 1096 aetas,

179 1116 237 1151 Ex
263 1114 412 1163 alioque
441 1113 533 1151 alius
562 1121 680 1151 status
709 1115 880 1162 excipere
909 1114 1038 1152 omnia
1066 1114 1189 1159 debet,

179 1179 263 1215 Nec
291 1185 419 1214 manet
445 1178 521 1214 ulla
548 1176 605 1214 sui
634 1177 764 1214 similis
792 1190 872 1215 res:
902 1177 1031 1214 omnia
1058 1176 1228 1225 migrant,
1384 1179 1457 1224 830

180 1240 319 1279 Omnia
346 1247 556 1278 commutat
583 1248 716 1277 natura
743 1248 780 1278 et
808 1249 950 1278 vertere
979 1241 1090 1289 cogit.

180 1304 359 1351 Namque
387 1302 490 1339 aliud
517 1302 697 1350 putrescit
725 1309 761 1340 et
788 1315 882 1339 aevo
911 1303 1037 1340 debile
1063 1303 1225 1350 languet,

181 1367 296 1403 Porro
324 1364 427 1401 aliud
455 1363 625 1402 clarescit
652 1372 689 1401 et
718 1377 738 1401 e
767 1365 1048 1412 contemptibus
1076 1364 1160 1402 exit.

179 1429 240 1467 Sic
268 1429 379 1477 igitur
406 1429 538 1465 mundi
566 1435 737 1465 naturam
766 1428 880 1466 totius
907 1435 1009 1466 aetas

182 1494 308 1530 Mutat
337 1498 374 1528 et
402 1504 447 1528 ex
474 1491 549 1528 alio
578 1499 713 1529 terram
743 1498 860 1529 status
890 1491 1029 1540 exeipit
1058 1492 1176 1528 alter:
1383 1491 1453 1537 835

182 1556 295 1604 Quod
323 1554 446 1603 potuit
474 1554 616 1602 nequit,
646 1563 687 1592 ut
715 1555 834 1603 possit
862 1556 967 1603 quod
995 1567 1074 1592 non
1102 1554 1185 1591 tulit
1212 1561 1309 1591 ante.

233 1618 432 1664 Multaque
460 1623 539 1653 tum
568 1617 677 1653 tellus
704 1618 817 1653 etiam
845 1623 1021 1664 portenta
1047 1628 1170 1654 creare

180 1681 366 1719 Conatast
393 1680 486 1715 mira
514 1678 608 1716 facie
637 1679 894 1727 membrisque
922 1686 1061 1725 coorta,

181 1743 467 1790 Androgynum,
492 1741 768 1789 interutrasque
794 1754 865 1778 nec
890 1748 1026 1786 utrum,
1050 1740 1238 1789 utrimque
1262 1749 1458 1786 remotum,

183 1806 288 1844 Orba
314 1806 456 1854 pedum
485 1805 634 1853 partim,
665 1818 846 1841 manuum
874 1804 1028 1841 viduata
1055 1803 1227 1849 vicissim,
1387 1806 1460 1848 840

184 1869 294 1905 Muta
322 1866 402 1904 sine
430 1879 494 1904 ore
524 1866 649 1911 etiam,
680 1867 760 1903 sine
788 1867 892 1903 voltu
921 1878 1036 1903 caeca
1063 1872 1218 1914 reperta,

181 1930 395 1977 Vinctaque
424 1929 677 1966 membrorum
706 1941 773 1977 per
802 1936 924 1966 totum
953 1941 1088 1977 corpus
1116 1929 1292 1973 adhaesu,

183 1994 267 2030 Nec
296 1993 419 2029 facere
447 1999 487 2028 ut
514 1999 672 2040 possent
692 1991 897 2040 quicquam
927 2004 998 2029 nec
1025 1992 1160 2028 cedere
1188 2003 1380 2039 quoquam

185 2057 268 2092 Nec
295 2054 412 2091 vitare
440 2055 582 2091 malum
612 2067 682 2091 nec
710 2067 859 2092 sumere
888 2055 994 2103 quod
1022 2055 1117 2092 foret
1145 2066 1244 2092 usuS.

185 2120 321 2156 Cetera
348 2119 397 2156 de
424 2131 561 2166 genere
587 2119 661 2155 hoc
689 2125 857 2155 monstra
884 2131 928 2155 ac
955 2125 1132 2166 portenta
1159 2118 1334 2163 creabat3
1388 2118 1459 2164 845

186 2182 438 2230 Nequiquam,
469 2180 649 2230 quoniam
678 2188 811 2218 natura
837 2180 1035 2219 absterruit
1062 2188 1215 2217 auctum
