1543 2479
177 167 279 201 Lucr.
297 179 318 200 v
334 175 398 211 925

177 336 304 378 Georg.
321 335 332 368 i
350 334 393 368 62

177 542 278 575 Lucr.
296 553 317 574 ν
334 550 397 584 937

178 765 307 807 Georg.
325 763 349 797 ii
370 773 434 807 500

178 915 280 948 Lucr.
298 925 320 945 v
335 922 403 956 944

179 971 306 1013 Georg.
326 970 363 1003 iii
381 970 424 1003 66

181 1060 281 1093 Lucr.
299 1071 321 1093 v
343 1068 429 1103 1250

180 1283 307 1326 Georg.
326 1282 336 1315 i
358 1292 420 1325 139

180 1484 280 1517 Lucr.
298 1496 319 1517 v
341 1492 422 1527 1255

181 1597 308 1640 Georg.
326 1596 349 1629 ii
372 1596 431 1639 165

180 1740 280 1774 Lucr.
299 1751 321 1772 v
343 1740 426 1782 1368

179 1854 307 1896 Georg.
326 1852 349 1885 ii
368 1850 411 1895 36

179 1940 279 1972 Lucr.
298 1950 321 1972 v
342 1938 424 1982 1387

180 1995 309 2046 Geerg.
328 1993 365 2027 iii
381 1993 448 2036 476

179 2134 279 2165 Lucr.
297 2143 320 2164 v
340 2141 423 2175 1393

180 2188 256 2222 Ecl.
273 2188 333 2221 viii
353 2188 394 2228 87

535 74 609 110 IN
607 74 679 110 TR
684 73 807 110 ODU
805 72 839 109 C
841 73 904 108 TI
903 72 989 109 ON.
1350 69 1410 107 xxi

536 172 574 200 at
614 176 727 208 genus
767 166 966 198 humanum
1002 165 1114 198 multo
1147 164 1212 198 fuit
1248 164 1335 197 illud
1374 164 1409 197 in

579 221 674 264 agris

534 278 665 318 durius,
682 283 721 311 ut
738 276 869 318 decuit,
887 276 990 309 tellus
1015 276 1111 319 quod
1134 275 1223 308 dura
1243 281 1408 309 creasset.

530 334 733 368 Deucalion
761 344 915 367 vacuum
948 333 1087 376 lapides
1120 333 1264 366 iactavit
1294 333 1329 365 in
1358 343 1410 365 or·

582 392 677 432 bem,

529 446 625 479 unde
650 445 815 478 homines
839 443 926 486 nati,
951 444 1080 477 durum
1105 454 1228 487 genus.

536 541 633 585 quod
673 541 726 574 sol
766 546 873 584 atque
912 540 1045 573 imbres
1091 540 1274 580 dederant,
1314 539 1410 583 quod

578 602 672 630 terra
695 602 835 630 crearat

535 660 664 696 sponte
693 663 767 693 sua,
793 651 882 685 satis
906 650 943 684 id
966 651 1136 695 placabat
1168 656 1316 694 pectora
1348 651 1410 684 do-

581 719 678 742 num.

537 774 627 808 quos
651 763 742 797 rami
767 764 913 805 fructus,
936 774 1026 807 quos
1051 763 1130 807 ipsa
1153 763 1311 798 volentia
1331 775 1412 797 rura

538 826 666 863 sponte
684 820 795 853 tulere
820 830 895 862 sua,
921 819 1063 864 carpsit.

538 913 678 947 miseris
702 913 923 947 mortalibus.

541 970 681 1003 miseris
706 971 927 1004 mortalibus.
938 926 954 1004 Ι

540 1070 625 1092 nam
654 1060 759 1093 fovea
790 1065 899 1103 atque
930 1059 1003 1102 igni
1036 1059 1133 1103 prius
1165 1065 1218 1093 est
1250 1059 1411 1094 venarier

583 1121 700 1148 ortum

537 1181 646 1214 quam
683 1170 822 1213 saepire
862 1171 979 1214 plagis
1019 1170 1152 1204 saltum
1191 1169 1411 1213 canibusque

583 1225 684 1259 ciere.

537 1289 613 1316 tum
638 1282 777 1326 laqueis
802 1289 948 1326 captare
973 1282 1067 1316 feras
1092 1288 1127 1316 et
1152 1282 1274 1316 fallere
1298 1282 1398 1316 visco

536 1339 732 1381 inventum,
758 1344 793 1372 et
824 1350 976 1382 magnos
1010 1338 1160 1372 canibus
1189 1338 1412 1372 circumdare

582 1395 704 1428 saltus.

540 1484 713 1517 manabat
737 1482 838 1516 venis
863 1483 1082 1517 ferventibus
1105 1482 1141 1516 in
1166 1484 1248 1517 loca
1271 1489 1385 1517 terrae

538 1551 700 1574 concava
724 1540 942 1574 conveniens
968 1540 1105 1583 argenti
1130 1540 1226 1573 rivus
1250 1546 1285 1573 et
1310 1540 1395 1573 auri.

534 1596 624 1629 haec
649 1595 777 1629 eadem
801 1595 939 1639 argenti
964 1595 1059 1628 rivos
1080 1595 1243 1638 aerisque
1269 1595 1413 1629 metalla

539 1652 696 1686 ostendit
720 1652 821 1685 venis
846 1659 952 1695 atque
977 1662 1064 1684 auro
1088 1652 1241 1694 plurima
1265 1652 1373 1686 fluxit.

652 1739 860 1784 fructusque
884 1740 981 1773 feros
1005 1750 1257 1773 mansuescere
1283 1746 1412 1773 terram

538 1797 732 1830 cernebant
756 1796 976 1839 indulgendo
1001 1796 1203 1839 blandeque
1228 1796 1388 1830 colendo.

646 1853 853 1907 fructusque
878 1852 971 1897 feros
996 1851 1132 1904 mollite
1157 1853 1319 1900 colendo.

533 1949 597 1982 per
620 1939 700 1972 loca
724 1944 910 1982 pastorum
934 1938 1077 1972 deserta
1101 1944 1209 1981 atque
1234 1938 1308 1971 otia
1331 1939 1401 1974 dia.

997 1994 1210 2036 desertaque
1234 2004 1345 2037 regna

537 2055 731 2093 pastorum,
748 2056 783 2084 et
807 2050 914 2093 longe
940 2050 1051 2084 saltus
1071 2051 1213 2094 lateque
1230 2057 1410 2086 vacantes.

537 2138 684 2176 propter
707 2143 822 2176 aquae
847 2133 972 2166 rivurn.

532 2194 678 2232 propter
702 2199 817 2232 aquae
841 2189 967 2223 rivum.
