1630 2469
184 91 231 124 24
516 79 602 115 DE
637 79 859 116 RERUM
886 80 1127 117 NATURA

182 160 350 198 Reddit:
386 160 535 208 hiemps
564 159 731 208 sequitur
757 159 944 208 crepitans
971 161 1070 197 hanc
1097 160 1273 199 dentibus
1300 163 1398 210 algu.

184 224 271 271 Quo
298 222 424 259 minus
452 229 508 259 est
535 221 670 258 mirum
699 221 729 258 si
757 229 860 259 certo
889 229 1059 270 tempore
1088 224 1176 260 luna

184 285 357 334 Gignitur
385 293 421 322 et
449 291 552 322 certo
579 285 726 321 deletur
753 291 925 332 tempore
952 297 1068 330 rusuS‚

184 351 283 388 Cum
312 348 389 386 fieri
417 347 564 396 possint
588 355 665 385 tam
694 356 798 385 certo
826 356 998 396 ternpore
1027 350 1155 386 multa.
1387 361 1459 398 750

233 412 329 450 Solis
356 411 447 448 item
475 423 628 458 quoque
655 411 826 447 defectus
854 411 1042 458 lunaeque
1070 411 1231 448 latebras

183 476 355 513 Pluribus
383 488 403 512 e
432 474 555 511 causis
583 473 660 511 fieri
689 473 757 511 tibi
785 487 898 522 posse
925 475 1185 522 putandumst.

184 541 283 576 Nam
312 552 377 576 cur
404 539 494 575 luna
522 545 636 586 queat
664 545 799 574 terram
828 538 1023 574 secludere
1051 537 1140 574 solis

184 604 344 639 Lumine
374 609 411 639 et
438 614 460 638 a
488 600 593 638 terris
620 602 737 637 altum
766 608 879 648 caput
907 602 1100 638 obstruere
1128 599 1173 645 ei,

184 663 365 703 Obiciens
393 677 548 701 caecum
577 663 690 700 radiis
718 663 936 700 ardentibus
964 664 1093 700 orbem
1107 678 1117 710 5
1389 675 1458 711 755

182 729 375 775 Tempore
402 726 539 763 eodem
568 725 671 762 aliud
699 726 821 762 facere
849 724 887 762 id
916 738 993 762 non
1020 738 1131 773 posse
1160 732 1309 773 putetur

185 791 330 838 Corpus
359 789 462 836 quod
491 800 639 824 cassum
667 788 815 824 labatur
841 787 983 824 lumine
1012 788 1186 834 semper?

183 853 324 900 Solque
351 864 439 888 suos
467 851 581 888 etiam
609 849 797 887 dimittere
825 849 1022 898 languidus
1051 849 1155 897 ignes

184 917 375 963 Tempore
402 927 468 950 cur
494 920 598 950 certo
626 920 790 960 nequeat
817 924 1059 959 recreareque
1087 913 1228 957 lumen,

186 980 285 1017 Cum
312 979 398 1015 loca
424 976 613 1025 praeteriit
641 976 801 1012 flammis
830 975 964 1013 infesta
992 988 1059 1023 per
1086 988 1204 1021 auras,
1390 976 1462 1021 760

187 1042 295 1088 Quae
323 1041 465 1078 faciunt
491 1039 596 1088 ignes
624 1038 860 1086 interstingui
887 1046 1001 1086 atque
1029 1038 1177 1086 perire?

186 1106 234 1141 Et
263 1117 329 1141 cur
356 1112 453 1141 terra
481 1110 594 1151 queat
622 1104 749 1139 lunam
778 1101 940 1150 spoliare
967 1101 1130 1138 vicissim

186 1166 347 1204 Lumine
375 1173 412 1204 et
440 1178 662 1214 oppressum
693 1166 812 1202 solem
841 1177 952 1212 super
978 1164 1062 1212 ipsa
1089 1171 1227 1208 tenere,

188 1231 386 1266 Menstrua
413 1229 505 1265 dum
532 1226 671 1275 rigidas
699 1226 786 1263 coni
814 1225 1018 1274 perlabitur
1046 1227 1218 1271 umbras3

170 1294 378 1339 vTempore
406 1292 543 1328 eodem
570 1290 672 1327 aliud
702 1296 865 1337 nequeat
893 1301 1108 1326 succurrere
1135 1289 1246 1325 lunae
1392 1289 1460 1335 765

188 1356 336 1403 Corpus
365 1355 423 1391 vel
451 1366 562 1402 supra
590 1352 678 1390 solis
707 1352 891 1401 perlabier
920 1353 1064 1396 orbem,

188 1418 303 1466 Quod
330 1416 455 1454 radios
482 1416 731 1463 interrumpat
759 1416 963 1462 lumenque
991 1415 1214 1461 profusum?

189 1483 239 1518 Et
265 1488 393 1518 tamen
421 1481 503 1527 ipsa
530 1491 599 1516 suo
628 1478 658 1515 si
686 1479 801 1526 fulget
829 1479 917 1514 luna
945 1477 1076 1521 nitore,

189 1545 267 1583 Cur
294 1550 458 1591 nequeat
485 1550 586 1578 certa
614 1542 747 1579 mundi
776 1542 1016 1589 languescere
1046 1547 1161 1588 parte,

189 1607 291 1643 Dum
320 1607 405 1642 loca
431 1603 637 1640 luminibus
666 1602 826 1651 propriis
855 1601 1006 1639 inimica
1032 1614 1101 1649 per
1127 1600 1230 1639 exit?
1394 1609 1464 1646 770

242 1669 358 1715 Quod
386 1673 566 1715 superest,
597 1665 776 1714 quoniam
806 1664 930 1712 magni
959 1677 1027 1712 per
1053 1664 1202 1701 caerula
1229 1660 1359 1699 mundi

191 1731 279 1778 Qua
305 1729 384 1766 fieri
411 1726 594 1776 quicquid
622 1735 750 1775 posset
778 1726 924 1764 ratione
952 1725 1098 1771 resolvi,

192 1793 288 1832 Solis
314 1792 367 1829 uti
395 1792 517 1828 varios
544 1803 673 1827 cursus
701 1792 888 1838 lunaeque
916 1797 1061 1827 meatus

192 1858 360 1894 Noscere
387 1866 587 1904 possemus
615 1866 712 1902 quae
740 1853 796 1890 vis
823 1860 861 1890 et
888 1865 1002 1889 causa
1027 1851 1153 1896 cieret,
1393 1858 1463 1896 775

193 1920 327 1966 Quove
355 1918 472 1954 modo
501 1923 657 1964 possent
684 1917 822 1953 offecto
849 1915 991 1952 lumine
1019 1913 1123 1951 obire

195 1984 243 2019 Et
270 1992 394 2028 neque
422 1978 621 2027 opinantes
649 1977 813 2015 tenebris
842 1977 1033 2015 obducere
1061 1984 1185 2020 terra5‚

195 2045 295 2083 Cum
321 2041 428 2091 quasi
454 2039 631 2078 conivent
659 2048 696 2078 et
723 2047 855 2088 aperto
882 2039 1025 2077 lumine
1051 2050 1195 2075 rursum

195 2103 337 2143 Omnia
363 2101 564 2140 convisunt
590 2103 689 2137 clara
717 2101 801 2137 loca
829 2100 993 2137 candida
1019 2100 1125 2144 luce3

197 2167 311 2203 Nune
336 2164 451 2201 redeo
479 2164 528 2200 ad
556 2162 688 2199 mundi
715 2162 920 2199 novitatem
949 2168 986 2199 et
1013 2159 1140 2197 mollia
1167 2164 1285 2195 terrae
1395 2158 1468 2202 780
