1554 2459
511 73 691 109 LIBER
733 72 768 119 Q
776 72 998 109 UINTUS.
1343 82 1361 106 2
1368 81 1387 116 7

117 155 200 191 Nec
226 161 384 201 potuere
411 152 579 200 cupitum
606 152 740 190 aetatis
769 160 922 201 tangere
951 154 1079 189 florem

116 217 199 253 Nec
223 215 382 263 repetire
410 214 536 252 cibum
564 227 635 251 nec
662 215 766 263 iungi
793 228 861 262 per
886 214 1044 252 Veneris
1071 228 1138 251 res.

115 279 239 315 Multa
265 277 438 315 videmus
466 277 566 314 enim
596 279 707 315 rebus
735 290 957 314 concurrere
985 278 1135 321 debere,

114 342 168 378 Ut
196 341 441 388 propagando
468 340 616 387 possint
643 340 854 387 procudere
882 340 1016 376 saecla.
1314 340 1388 385 850

164 404 364 450 Multaque
384 409 464 439 tum
492 401 676 439 interiisse
695 401 930 438 animantum
959 401 1083 437 saecla
1106 407 1295 437 necessest
1315 402 1358 447 85
1369 411 1386 447 5

114 466 197 501 Nec
223 465 391 512 potuisse
419 466 667 512 propagando
695 465 904 511 procudere
932 464 1090 510 prolem.

114 527 212 563 Nam
240 539 503 574 quaecumque
532 526 636 563 vides
664 525 765 562 vesci
793 525 968 562 vitalibus
996 524 1104 569 auris,

114 591 188 626 Aut
215 590 325 626 dolus
353 596 417 626 aut
443 589 559 626 virtus
587 595 650 625 aut
679 587 846 635 denique
874 587 1063 624 mobilitas
1092 594 1147 623 est

111 652 169 688 Ex
196 651 350 688 ineunte
377 664 471 688 aevo
499 663 617 699 genus
645 650 685 687 id
712 657 833 687 tutata
860 662 1060 687 reservans.

112 715 310 761 Multaque
337 722 434 758 sunt,
463 713 573 751 nobis
601 726 649 751 ex
675 713 835 750 utilitate
863 725 930 749 sua
958 725 1055 761 quae
1315 711 1388 746 860

111 776 390 813 Commendata
416 783 581 822 manent,
611 777 752 813 tutelae
779 775 915 813 tradita
943 783 1106 812 nostrae.

110 837 300 885 Principio
326 851 446 886 genus
475 851 560 875 acre
587 839 741 875 leonum
770 850 957 885 saevaque
985 838 1109 874 saecla

109 902 283 938 Tutatast
310 902 436 946 virtus,
466 903 598 949 volpes
627 902 737 938 dolus
766 908 802 938 et
830 901 917 948 fuga
945 912 1085 937 cervos.

108 965 159 1000 At
185 963 393 1000 levisomna
420 976 557 1000 canum
586 964 664 1000 fido
692 976 780 1000 cum
809 970 964 1011 pectore
992 962 1107 999 corda

109 1026 159 1062 Et
183 1037 302 1073 genus
330 1037 444 1062 omne
472 1026 577 1073 quod
606 1032 662 1062 est
690 1024 858 1062 veterino
887 1024 1032 1061 semine
1060 1031 1208 1072 partum
1314 1026 1385 1072 865

108 1088 391 1136 Lanigeraeque
419 1088 529 1125 simul
556 1088 723 1136 pecudes
752 1095 789 1125 et
817 1089 956 1124 bucera
985 1088 1109 1124 saecla

108 1150 247 1188 Omnia
274 1158 361 1187 sunt
388 1150 588 1188 hominum
616 1152 756 1188 tutelae
784 1150 931 1197 tradita,
966 1150 1138 1187 Memmi.

108 1214 209 1249 Nam
237 1213 377 1260 cupide
404 1214 530 1261 fugere
558 1214 653 1250 feras
681 1225 894 1261 pacemque
923 1220 1052 1249 secuta

106 1276 199 1312 Sunt
225 1282 264 1312 et
289 1276 391 1323 larga
418 1288 487 1313 suo
515 1275 595 1312 sine
622 1276 761 1324 pabula
788 1283 894 1323 parta
920 1276 1061 1320 labore,

107 1339 216 1384 Quae
244 1338 377 1375 damus
406 1338 574 1375 utilitatis
602 1351 731 1375 eorum
759 1337 928 1385 praemia
956 1350 1078 1374 causa.
1316 1340 1388 1385 870

106 1402 155 1436 At
183 1399 267 1447 quis
294 1400 347 1436 nil
374 1401 508 1437 horum
537 1400 668 1437 tribuit
696 1408 839 1445 natura,
869 1412 940 1437 nec
967 1399 1048 1448 ipsa

105 1463 247 1510 Sponte
275 1475 342 1499 sua
369 1469 527 1510 possent
555 1469 597 1499 ut
624 1461 749 1499 vivere
778 1475 849 1498 nec
877 1463 966 1499 dare
994 1461 1104 1499 nobis

105 1524 319 1560 Utilitatem
348 1524 514 1572 aliquam
543 1537 659 1572 quare
687 1532 899 1572 pateremur
928 1537 1058 1561 eorum

105 1586 296 1624 Praesidio
325 1594 453 1624 nostro
481 1588 585 1635 pasci
612 1599 731 1634 genus
760 1599 916 1634 esseque
944 1594 1078 1633 tutum,

104 1647 253 1684 Scilicet
278 1649 372 1685 haec
400 1648 480 1685 aliis
508 1649 671 1695 praedae
699 1649 881 1696 lucroque
910 1648 1086 1688 iacebant
1313 1652 1384 1699 875

105 1711 336 1759 Indupedita
364 1712 437 1749 suis
465 1712 642 1749 fatalibus
671 1712 799 1749 omnia
827 1712 970 1759 vinclis,

104 1775 241 1812 Donec
267 1775 317 1812 ad
343 1774 535 1812 interitum
562 1788 680 1823 genus
709 1774 747 1812 id
775 1784 908 1812 natura
935 1775 1091 1824 redegit.

153 1837 228 1873 Sed
255 1849 380 1884 neque
409 1836 590 1874 Centauri
617 1838 776 1881 fuerunt,
806 1850 878 1874 nec
906 1845 1078 1885 tempore
1106 1839 1144 1874 in
1174 1838 1251 1875 ullo

102 1898 197 1935 Esse
223 1905 367 1946 queunt
394 1897 536 1946 duplici
562 1906 695 1935 natura
721 1906 758 1936 et
786 1911 943 1947 corpore
970 1898 1062 1937 bino

102 1960 162 1996 Ex
187 1959 406 2008 alienigenis
434 1960 612 1998 membris
640 1968 849 2008 compacta,
878 1968 1047 2009 potestas
1311 1962 1385 1998 880

103 2019 209 2057 Hinc
236 2020 341 2057 illinc
367 2020 498 2069 visque
526 2028 567 2058 ut
595 2033 673 2058 non
704 2029 760 2059 sat
787 2034 853 2070 par
881 2034 963 2059 esse
990 2021 1148 2070 potissit.

102 2082 151 2120 Id
177 2082 264 2120 licet
290 2082 380 2120 hinc
406 2083 577 2131 quamvis
604 2083 733 2121 hebeti
760 2097 990 2133 cognoscere
1019 2086 1143 2123 corde.

102 2142 294 2191 Principio
321 2143 461 2180 circum
491 2145 606 2181 tribus
634 2145 727 2183 actis
754 2144 915 2195 impiger
942 2146 1051 2183 annis
